3334 5350
467 685 528 774 ¹¹8
613 661 686 770 De
704 657 1253 798 'Moniiirrthstrogotirirt‘n

300 812 304 822 ἱ
467 871 575 955 crosa
602 871 707 952 riuus
740 854 930 952 tuttmd
956 872 996 950 in
1027 839 1129 950 lacus
1162 862 1414 973 Billingenfis·

471 990 605 1072 vicinio
622 979 896 1087 confiteretur,
922 987 1029 1086 cujus
1045 982 1172 1066 alvens
1193 999 1263 1090 pet
1285 982 1397 1066 strata

469 1103 633 1188 cicnrea
648 1123 768 1212 usque
782 1099 829 1182 ud
845 1119 998 1184 cotecen
1006 1119 1205 1184 excavatus
1220 1098 1284 1182 est.
1321 1104 1398 1180 im-

471 1225 591 1304 minet
613 1221 712 1298 rivus
738 1217 804 1298 iste
826 1214 1051 1303 molendino
1074 1239 1211 1325 ptrvz,
1239 1240 1323 1322 quc
1346 1212 1398 1299 nb
1495 1236 1496 1299 ὲ

474 1337 555 1435 ejus
577 1332 676 1416 unda
699 1352 937 1416 momentum
959 1331 1092 1432 hebet,
1120 1329 1160 1412 ἂ
1186 1329 1401 1411 duodecim
1495 1334 1496 1413 r

475 1453 623 1532 circiter
635 1443 793 1556 pedibus
814 1474 837 1530 a
857 1444 940 1531 lucu
961 1454 1087 1553 Linge
1110 1445 1226 1530 distet.
1283 1453 1328 1526 ln
1346 1471 1401 1528 eo

476 1565 567 1648 loco
583 1566 733 1646 stratum
747 1581 967 1664 cotaceum,
993 1561 1205 1674 quninfimn
1219 1563 1300 1662 ritu
1312 1587 1400 1669 pers

474 1681 545 1782 est,
575 1679 793 1766 molendina
809 1677 1003 1786 oiioginta
1025 1674 1184 1785 pedibus
1204 1674 1314 1760 attius
1331 1676 1398 1760 est.

474 1801 532 1880 Ex
560 1795 644 1892 lucu
664 1796 791 1910 Linge
821 1798 963 1878 fluvius
992 1790 1094 1876 Krtft
1119 1793 1268 1902 prodit,
1309 1797 1403 1904 qui,

475 1910 537 1996 etti
561 1911 608 1994 nd
631 1937 721 1994 eum
745 1937 865 2019 usque
887 1909 1034 2011 locum,
1066 1935 1255 2019 quocum
1277 1911 1402 1998 fluvio

474 2021 580 2130 'rita‘
604 2053 718 2135 nquns
746 2026 895 2128 miscet,
939 2031 1071 2131 exigua
1094 2023 1190 2106 nivei
1215 2023 1403 2105 inclinati-

476 2169 555 2226 one
580 2144 751 2248 profluit,
786 2137 936 2246 longius
960 2161 1086 2222 tomen
1109 2139 1197 2222 inde
1219 2139 1267 2220 ad
1288 2143 1401 2246 oppi-

476 2259 570 2342 dum
585 2254 821 2338 Morienstndt
838 2256 1068 2366 tandemque
1083 2256 1131 2338 od
1142 2254 1267 2338 lucum
1274 2261 1401 2336 Wen·

477 2401 547 2456 net
561 2369 787 2478 progressus,
814 2375 854 2464 iu
868 2373 945 2466 hoc
960 2371 1029 2452 suo
1049 2374 1182 2460 itinere
1196 2365 1291 2460 otio
1312 2397 1402 2452 mo-

475 2482 791 2572 lendinnsflustus
807 2492 951 2596 impetu
975 2487 1111 2588 versat,
1140 2511 1300 2597 quarum
1320 2484 1401 2593 pie·
1497 2540 1498 2553 t

475 2623 599 2715 terque
614 2600 754 2711 lapides
777 2604 936 2689 molares
959 2625 1180 2715 quaternos,
1207 2600 1321 2685 serras
1346 2599 1403 2684 bi-

477 2744 563 2823 nts‚
597 2718 832 2831 totidemque
856 2715 1041 2801 tudicnlns
1060 2717 1211 2807 hubent.
1248 2762 1308 2779 -
1343 2724 1402 2800 Ex

477 2835 538 2919 his
552 2834 735 2917 iomnibus
758 2841 872 2941 igitur
879 2900 890 2939 ,
916 2860 997 2947 quc
1014 2834 1213 2942 proposui,
1240 2854 1405 2941 apparet,
1498 2899 1499 2946 r

478 2956 519 3034 ni
550 2946 678 3049 fallor,
729 2949 881 3031 stratum
914 2972 1112 3034 cotoneum
1140 2948 1250 3065 super
1277 2954 1407 3031 rivum
1498 2949 1499 2962 '

478 3064 672 3149 Hellewnd
687 3066 818 3171 viginti
832 3065 883 3146 nri
894 3071 1091 3147 minimum
1098 3062 1160 3146 vel
1174 3068 1324 3178 triginta
1340 3092 1408 3173 pe·

478 3176 590 3263 dibus
617 3177 725 3261 ultius
752 3179 823 3263 effe
847 3208 899 3263 eo
923 3183 1054 3283 strth
1094 3178 1204 3291 quod
1225 3179 1407 3288 supremo

480 3300 612 3382 vertici
638 3300 779 3377 montis
799 3296 1019 3382 Kinnelruile
1051 3294 1249 3376 incumbit.

568 3419 615 3491 ln
634 3408 827 3494 montibus
854 3418 995 3493 Hunno
1013 3410 1052 3493 ἃ
1071 3408 1276 3517 Helloberg
1296 3406 1411 3492 nuili-

480 3523 536 3626 bt,
556 3545 738 3637 quantum
755 3531 867 3625 nori,
896 3526 988 3637 lepis
1007 3523 1193 3609 calcarent
1208 3524 1411 3609 irmelinrit

479 3639 666 3724 solidnsve
683 3639 864 3729 hactenus
881 3640 1050 3723 detestor
1068 3639 1152 3729 fuitt
1211 3644 1317 3724 Hinc
1342 3670 1412 3724 ne·

482 3756 636 3839 ceffnrio
653 3761 904 3869 consequitur,
918 3774 1069 3840 montes
1079 3755 1170 3839 istos
1184 3756 1255 3838 hac
1275 3760 1320 3837 in
1333 3780 1413 3839 tea

482 3874 617 3953 vicinis
630 3872 811 3958 omnibus
828 3876 996 3978 differre,
1024 3874 1066 3953 ni
1085 3871 1209 3974 maiis,
1242 3871 1413 3976 lapidem

483 3984 691 4067 cnicnreum
711 3992 749 4066 in
764 3985 1055 4095 profundiffimis
1079 4013 1215 4069 eorum
1236 3985 1338 4069 iocis
1359 3987 1414 4083 in·

481 4118 583 4193 tere3
611 4102 716 4211 qnod
741 4101 819 4183 sere
842 4105 971 4186 suadet
993 4102 1191 4185 stratorum
1212 4108 1253 4184 in
1275 4124 1414 4186 monte

481 4216 705 4305 Kinneimlie
733 4218 839 4325 snpra
866 4219 987 4301 lacum
1010 4216 1270 4322 Billingensem
1290 4217 1414 4304 ciem·

483 4332 553 4413 tio.
617 4339 718 4419 Cum
743 4339 846 4417 enirn
860 4336 972 4417 strue
995 4352 1156 4425 trotecen¹
1169 4340 1209 4418 in
1230 4332 1413 4416 omnibus

1261 4448 1414 4533 Vestro·
