3334 5350
473 674 496 727 a
578 692 628 740 .·
723 628 924 773 «Analyfis
953 638 1127 779 Clemica
1230 664 1232 668 ·

476 840 646 930 ‘chenua'e
676 846 895 948 adjumento
926 846 1080 955 prorsus
1112 868 1238 928 carere
1274 842 1397 953 pollit.

475 971 577 1047 Hinc
607 960 715 1045 facile
738 969 778 1045 ni
799 962 909 1072 lal'or
938 961 1173 1067 intelligiturt
1195 970 1399 1073 'quantum

474 1080 516 1163 sit
537 1080 646 1181 hujus
666 1080 840 1163 scientiae
854 1080 900 1161 ad
924 1078 1153 1184 excolendas
1175 1102 1212 1161 et
1233 1079 1400 1187 perpoli-

476 1211 700 1279 enn'asartes
724 1201 986 1288 ‘momontuma
1016 1195 1282 1306 quaemultis,
1312 1200 1398 1306 qui·

475 1312 546 1398 bus
564 1313 686 1395 adhuc
708 1336 949 1421 premuntur,
981 1310 1262 1395 difficultatibus
1281 1316 1317 1397 u
1339 1340 1397 1393 er·

434 1511 440 1523 ,
475 1429 624 1513 roribus
641 1430 730 1511 ideo
744 1447 890 1512 tantum
903 1428 1069 1511 laborare
1085 1428 1273 1531 videntur,
1290 1425 1396 1538 quod

475 1575 602 1628 earum
619 1547 780 1651 magistri
796 1549 950 1628 artilioia
967 1542 1029 1626 vel
1054 1546 1140 1627 casu
1164 1569 1310 1651 reperta
1334 1543 1397 1627 vel

474 1663 655 1753 tentando
665 1667 812 1745 inventa
822 1660 1128 1762 studiosecelant‚
1158 1667 1397 1745 cuminterea

371 1769 375 1777 ’
475 1780 614 1860 eruditi
628 1783 665 1863 ὅ(
681 1778 883 1861 liberaliori
898 1782 1050 1861 scientia
1066 1778 1203 1863 imbuti
1217 1780 1396 1861 homines

474 1896 564 2011 liuic
599 1898 811 1977 studiorum
849 1903 979 1999 generi
1012 1901 1134 1977 otium
1172 1892 1396 2002 impendere

474 2003 655 2094 hailenus
673 2012 914 2115 neglexerint,
971 2012 1113 2093 Melior
1129 2032 1258 2109 tamen
1275 2009 1395 2123 fortu-

474 2156 521 2209 na
538 2128 677 2210 artibus
691 2134 804 2209 etiam
818 2127 1046 2210 mechanicis
1063 2128 1216 2209 tandem
1232 2127 1396 2238 aliquan-

475 2245 528 2323 do
551 2242 683 2343 unilt,
712 2272 801 2325 cum
821 2243 915 2346 illas,
938 2241 1131 2325 derelitlas
1150 2245 1215 2325 diu
1239 2246 1395 2351 spretas-

475 2387 550 2471 que
560 2359 613 2444 ‚ab
628 2360 798 2463 mnditia,
819 2356 1035 2443 Academia¹
1053 2366 1152 2465 regia
1179 2359 1329 2443 Parifina
1353 2366 1395 2441 in

390 2480 394 2492 '
474 2476 629 2586 tutelam
661 2505 864 2587 curamque
890 2480 995 2561 suam
1012 2478 1235 2587 lusciperet.
1289 2476 1395 2559 Vidi-

474 2608 558 2687 mus
571 2593 622 2676 ab
640 2619 689 2676 eo
703 2616 877 2703 tempore
898 2599 935 2675 in
959 2595 1083 2676 lucem
1108 2592 1263 2703 prodire
1287 2619 1394 2698 egre-

475 2717 552 2812 gias
569 2717 705 2792 artium
722 2715 760 2793 &
774 2716 1019 2816 opificiorum
1036 2712 1323 2821 del'criptipnes,
1354 2716 1395 2792 in

474 2825 630 2936 quibua,
657 2826 763 2937 quod
784 2828 881 2931 legat
899 2820 1086 2936 discatque
1104 2827 1393 2932 &experiundo

416 2967 439 3023 γ
475 2963 636 3053 repetat,
655 2968 771 3025 nemo
788 2942 1088 3054 Phyficorunrl&
1118 2943 1395 3029 Chemicorum

475 3056 706 3149 deiiderabit..
731 3138 736 3153 ι
1091 3093 1093 3101 ’

530 3168 598 3256 ,ΙΝ
616 3198 692 3258 arte
705 3173 884 3285 -tiniioria
903 3175 994 3258 nihil
1011 3177 1084 3281 eil,
1113 3178 1218 3289 quod
1237 3179 1287 3261 ad
1302 3167 1392 3260 clre-

472 3296 591 3374 miam
606 3319 685 3374 non
702 3295 905 3400 pertineat:
934 3295 1012 3376 haec
1042 3299 1145 3386 enim
1171 3295 1303 3378 cunila
1327 3283 1394 3376 lrlri

438 3490 441 3509 ,
472 3409 603 3490 tribuit
619 3412 786 3514 artificia,
810 3411 947 3522 quibus
962 3410 1024 3494 vel
1040 3437 1252 3518 pannorum
1272 3413 1398 3492 infici·-

472 3527 660 3607 endorum
680 3535 915 3632 praeparatio
938 3525 998 3610 vel
1022 3533 1303 3636 pigmentorum
1328 3543 1392 3608 elr-

471 3641 605 3745 tfrailio
623 3644 661 3725 or
679 3635 871 3726 conlet'lio
895 3645 959 3729 vel
978 3647 1142 3756 denique
1155 3640 1393 3732 -eommdem

472 3755 675 3866 applicatio
698 3767 899 3866 peragitur„
971 3767 1112 3842 Totius
1142 3783 1272 3847 autern
1301 3764 1397 3846 artis.

472 3892 583 3979 'caput
597 3880 667 3978 eli,
694 3883 974 3982 pigmentorum
989 3900 1157 3959 naturam
1171 3879 1267 3958 bene
1283 3873 1397 3969 intel-N¹

471 3990 606 4094 ligere3
632 4004 721 4101 ‘quo
751 4002 866 4076 etiam
897 3993 1036 4099 [perflat
1068 3993 1127 4074 illa
1152 3995 1317 4103 quaestio
1342 3988 1393 4073 de
1427 4070 1429 4076 .

471 4131 599 4188 natura
619 4112 657 4191 ἃ
679 4110 846 4213 partibus
871 4109 1181 4228 eonstituentibus
1207 4112 1393 4216 pigmenti

472 4226 608 4322 lndici‚
632 4253 748 4335 quarn
765 4227 971 4324 Academia
989 4227 1141 4315 l‘arilina
1164 4229 1314 4306 erudito
1328 4251 1393 4305 or-

471 4337 511 4422 bi
526 4342 734 4448 proposuit.
792 4346 999 4453 Equidem,
1028 4365 1070 4426 ut
1088 4343 1166 4426 hoc
1192 4337 1390 4452 argumen-
1436 4375 1439 4384 ¹
1518 4427 1519 4438 Ν

1245 4487 1247 4496 ⁴
1304 4478 1392 4540 turn
1518 4473 1519 4535 r
