3334 5350
407 632 489 775 stat
500 640 814 769 mutaoffriliis
828 647 1016 771 imitata·
1100 664 1177 765 379

260 843 437 939 divertam
453 854 523 935 elle
543 848 749 960 conpotum
759 836 930 938 vnaturam
945 855 1178 963 &indolata

259 978 428 1081 quamvis
444 968 611 1051 elelltica
626 976 777 1053 materia
794 977 832 1055 in
856 972 1032 1057 omnibus
1045 973 1179 1057 eadem

257 1084 311 1179 fit
375 1084 553 1173 Calorem
571 1086 910 1169 adeletlricitatena
926 1090 1180 1196 explicandam
1225 1168 1230 1179 .

258 1202 463 1309 plurimum
489 1201 629 1305 valete,
646 1204 849 1285 certiffima
878 1202 1180 1289 obletvationutn
1245 1284 1250 1302 ,

257 1320 337 1401 fide
351 1322 557 1413 docemur,
584 1319 671 1403 licet
685 1315 792 1403 muln
805 1320 874 1403 sint
890 1318 1182 1434 phyfict‚qu1ad
1260 1384 1274 1428 ¹,
1370 1421 1373 1429 ¹

259 1438 299 1515 id
316 1432 399 1517 fere
415 1465 491 1520 non
508 1440 742 1518 attenderint.
823 1434 915 1519 Solo
934 1434 1057 1522 calore
1083 1464 1182 1545 opus
1240 1443 1244 1449 ’
1274 1462 1280 1479 ’

257 1554 333 1653 etl,
371 1580 450 1663 quo
466 1552 677 1634 Tunnalini
701 1552 930 1664 aliarumque
945 1580 1183 1670 gemmarum

256 1664 300 1747 n
316 1668 523 1750 Schoerli
487 1673 580 1771 nigri
597 1687 721 1749 natata
732 1664 909 1750 eleelriea
927 1661 1184 1751 manifestetur.

259 1781 393 1863 ldem
386 1812 422 1863 tn
445 1780 609 1864 refinofis
627 1780 847 1891 corporibus
860 1787 998 1894 praestat
1008 1783 1185 1895 collique·-

259 1901 331 1981 tio.
407 1908 450 2003 ln
465 1902 563 1981 vitro
585 1919 729 1998 autent,
769 1902 968 2012 quidquid
976 1904 1060 2006 poll
1085 1906 1189 1983 Bon-

263 2043 377 2095 anun
393 2022 829 2097 Musscnanaaoanws
848 2021 1099 2119 contenderit,
1126 2046 1187 2098 ca·-

262 2128 385 2213 lorem
422 2130 543 2214 solum
575 2118 804 2213 elettntztati
835 2134 1083 2216 excitanda
1070 2160 1188 2270 atnpa·

260 2242 931 2383 remesse,petsual1ffitnumhabeo
997 2254 1237 2332 Sienitna

262 2349 940 2467 frillioneomniseduloabllinuetis,
961 2365 1188 2449 calotenun·
1292 2455 1294 2459 ,

265 2496 380 2591 quant
397 2482 436 2561 id
453 2478 612 2581 efficies,
629 2500 672 2559 ut
683 2488 739 2563 via
755 2480 926 2563 elelltica
943 2486 1025 2564 vitei
1042 2478 1191 2563 relocil-
1307 2511 1312 2515 ·

263 2594 376 2681 letut.
437 2600 637 2695 Caenina,
666 2624 743 2709 quo
757 2598 879 2680 modo
893 2594 1193 2707 calorelellrici·

265 2733 385 2795 tatem
408 2712 467 2794 vel
499 2712 659 2840 explicet
682 2714 741 2795 vel
768 2710 936 2818 adjuvet,
979 2720 1192 2822 ignoratun:

265 2830 348 2914 hoc
368 2847 512 2912 tantum
541 2833 780 2940 campettum
800 2827 1004 2928 habemus,
1047 2833 1126 2933 ejus
1154 2833 1193 2910 vi

266 2972 429 3055 corpora
445 2944 604 3062 expandi
619 2975 826 3058 eorumque
835 2945 1064 3030 moleeulas
1053 2968 1102 3029 ita
1114 2943 1195 3029 fot-

264 3065 370 3147 taffis
389 3055 552 3169 impelli,
577 3084 617 3148 ut
634 3063 796 3146 tremulo
812 3086 921 3146 motu
940 3063 1101 3152 vibrent.
1153 3066 1194 3142 Si

267 3179 533 3263 Fnannunun
548 3181 688 3283 audias,
707 3175 885 3261 credibile
900 3179 1097 3263 videbitur,
1111 3205 1196 3259 cot·

201 3341 208 3352 ·
267 3319 363 3406 pora
377 3299 446 3379 suae
467 3299 620 3377 raritatis
641 3291 896 3401 expansione
886 3317 934 3376 ita
955 3295 1055 3375 affici
1082 3293 1197 3402 polle,

270 3434 335 3513 ut,
360 3407 535 3494 elettricae
548 3415 726 3510 materia,
747 3409 1036 3520 quaillisinell‚
1073 3409 1196 3519 aliqua

267 3541 379 3642 parte
393 3525 528 3632 natissa,
557 3531 765 3633 negativam
782 3481 1059 3608 elellnieitateltt
1074 3528 1198 3607 <illen-

269 3649 376 3734 dant.
441 3650 508 3725 Me
527 3667 653 3726 autem
675 3645 927 3775 experimenta
944 3669 1028 3723 mea
1045 3641 1198 3744 docent,
1255 3712 1258 3721 .

271 3791 318 3849 ,ea
304 3757 437 3845 ndem
458 3767 602 3842 caulam
627 3757 818 3866 politivam
841 3761 954 3838 etiam
982 3755 1202 3847 eleelricita·

269 3903 355 3972 ,teni
370 3875 554 3986 explicare
569 3877 680 3986 polle.
707 3878 776 3956 His
792 3899 870 3954 non
888 3892 1079 3980 repugnat,
1096 3873 1202 3984 quod

270 4002 396 4102 ⁴vulgo
412 3996 605 4099 videmus,
640 3987 817 4074 machina
837 3986 1016 4070 elestricn
1029 3988 1205 4096 globum,

277 4142 358 4224 quo
386 4115 503 4216 tnagis
519 4109 728 4206 incalescat,
757 4129 806 4184 eo
817 4103 1042 4186 debiliorem
1058 4103 1204 4187 cletta.

276 4234 434 4310 citatem
457 4225 678 4334 explicare„
735 4227 793 4306 Ut
813 4225 916 4303 enim
944 4220 1021 4304 hoc
1048 4244 1205 4325 taceam,

274 4343 407 4428 ealore
449 4341 724 4426 exhalationem
753 4363 888 4424 manus
913 4337 974 4455 vel
1008 4339 1207 4534 pullvitgatis

1045 4479 1205 4562 goum
