3334 5350
375 709 381 724 .
492 659 549 768 96
712 643 786 744 Dr'
805 644 948 760 Terris
970 646 1214 766 Geapolim.

492 859 582 944 dam
598 860 728 967 portio
745 861 785 939 in
801 853 923 940 hundo
938 853 1030 942 'valis
1053 883 1132 941 non
1154 855 1273 943 soluta
1295 854 1423 968 super-

493 995 583 1060 erat.
639 972 941 1058 lndicabauthoec
955 971 1099 1056 calcem
1115 971 1422 1084 pholphoratam,

493 1121 593 1206 qua,
643 1089 731 1174 lieet
769 1089 927 1173 aliorum
957 1089 1158 1174 acidomm
1184 1091 1422 1178 connubium

492 1237 573 1294 uon
589 1207 752 1311 necuim,
775 1207 937 1291 saturare
949 1227 1076 1290 tamen
1095 1205 1154 1290 illa
1171 1215 1315 1322 nequit,
1329 1238 1422 1292 eum

492 1328 568 1440 ipsa
584 1327 656 1426 iam
672 1323 738 1406 luo
756 1325 869 1406 acldo
883 1323 1040 1408 saturata
1056 1321 1108 1406 fit

577 1444 631 1546 i)
657 1447 718 1522 Nn
746 1459 871 1524 autem
894 1439 1056 1525 dubitari
1078 1438 1179 1524 forte
1197 1441 1336 1550 pollet,
1373 1471 1423 1528 au

492 1558 615 1672 pulvis
635 1561 880 1667 precipitatus
901 1556 1003 1639 calce
1023 1558 1062 1639 dt
1083 1555 1287 1667 phosphori
1308 1561 1422 1645 acido

491 1673 749 1776 verecundor,
778 1693 980 1785 utrumque
994 1671 1070 1755 hoc
1078 1677 1316 1782 principium,
1335 1700 1422 1760 muz

491 1817 561 1878 tuo
583 1789 726 1874 divulso
749 1787 919 1891 vinculo,
949 1791 1112 1900 separate
1132 1792 1318 1876 constitui.
1377 1795 1422 1876 ld

490 1930 620 1994 autem
647 1904 770 2016 ‘acido
795 1904 936 1987 vitrioli
972 1909 1100 2010 effeci,
1142 1909 1246 2020 quod
1272 1907 1421 1994 calcem

490 2022 700 2136 phosphori
715 2021 825 2104 acido
842 2025 985 2130 eripere
1007 2043 1143 2106 notum
1157 2023 1221 2104 eil.
1277 2032 1335 2106 Ex
1359 2027 1422 2110 so.
1503 2016 1504 2065 ³

489 2143 636 2226 lutione
662 2137 726 2220 illa
756 2133 921 2248 pulveris
949 2144 1163 2248 praecipitati
1190 2168 1280 2223 eum
1304 2143 1421 2228 acido

489 2255 678 2342 uitriolico
693 2257 796 2336 tenui
811 2273 932 2366 parata
947 2257 1102 2362 gypsum
1123 2282 1247 2368 neque
1269 2259 1420 2367 sponte,

490 2367 616 2576 aeque
646 2370 765 2570 alhalib
779 2367 922 2567 Vohffli
951 2372 1085 2570 tradito
1113 2371 1299 2573 subh‘pliere
1326 2378 1420 2575 vjhi:

531 2507 740 2576 ocverotrt
767 2513 840 2572 uen
871 2513 976 2570 ume
1019 2515 1197 2574 aunam
1252 2521 1372 2576 vrmo

488 2605 686 2709 tundenti,
711 2604 814 2689 acori
829 2607 943 2687 etiam
967 2517 1193 2711 rbuhdanti,
1228 2635 1307 2719 quo
1323 2636 1418 2721 gyp-

461 2814 476 2833 Ι,
490 2724 573 2809 sum
588 2722 750 2807 solutum
768 2741 904 2804 manet.
959 2722 1035 2805 Sub
1065 2728 1331 2834 evaporatione
1353 2754 1420 2812 au·

488 2861 570 2924 tem
585 2841 742 2947 gypsum
763 2834 952 2946 paullatim
973 2838 1133 2950 decidit,
1161 2840 1326 2925 &omni
1346 2843 1419 2931 hu..

489 2982 600 3044 more
615 2950 747 3037 abadlo
764 2952 983 3064 relinquitur
999 2982 1072 3039 una
1081 2984 1169 3039 cum
1183 2959 1293 3040 acido
1302 2959 1417 3068 phos·
1502 2967 1503 3040 ἕ

487 3070 621 3183 photi,
663 3068 770 3183 quod
792 3092 910 3177 pauca
935 3095 1030 3183 aqua
1051 3073 1195 3157 elotum
1217 3076 1257 3157 dt
1275 3074 1417 3160 deinde
1502 3045 1503 3080 Ν

425 3266 428 3283 ,
488 3186 726 3299 inlpillatum
749 3214 841 3269 cum
854 3181 1237 3295 pulverecarbonum‚
1258 3192 1417 3279 destilla-

488 3308 606 3391 tionis
627 3326 703 3413 ope
723 3301 984 3413 phosphorum
1006 3311 1208 3417 progignit.

573 3430 876 3509 Sanannmonnu
905 3419 993 3505 alias
1018 3424 1243 3509 methodum
1266 3430 1305 3507 in
1328 3455 1415 3536 per.
1502 3463 1504 3538 p

488 3537 684 3655 ¹scrutanda
720 3556 825 3620 terre
862 3538 1077 3644 vegetabilis
1108 3559 1237 3625 natura
1264 3542 1414 3630 secutus

330 3662 332 3669 ’
483 3656 581 3741 sum.
636 3658 793 3739 Cineres
815 3675 957 3765 nempe
978 3684 999 3739 a
1022 3655 1229 3765 plantamm
1251 3659 1414 3744 combu.

486 3774 608 3857 llione
627 3770 857 3879 superstites,
882 3796 979 3890 aqua
996 3773 1098 3857 lotoe
1113 3778 1327 3887 itemmque
1344 3776 1413 3860 fie-
1501 3805 1502 3812 ¹

483 3910 613 3992 catos,
657 3886 785 3969 denuo
812 3912 901 3968 eum
935 3914 1030 4001 aqua
1062 3889 1238 3974 destillata
1268 3894 1413 3981 miscui.
1501 3975 1502 3984 t

486 4004 637 4088 Deinde
653 4002 777 4113 addidi
796 4002 1200 4114 acidum'vitriolieum‚
1222 4009 1414 4095 mil'eelam
1501 4001 1502 4096 l

487 4118 593 4205 fitnul
607 4118 784 4227 agitando
798 4146 811 4211 3
824 4146 914 4231 ¹quo
937 4115 1040 4204 fatto
1061 4149 1163 4227 eum,
1191 4116 1412 4210 ut‘seceffus
1501 4129 1502 4206 l

487 4235 753 4347 particularum
774 4234 902 4335 lieret,
930 4238 1145 4347 quadrantis
1163 4240 1277 4355 hora·
1292 4242 1413 4351 spatio
1461 4315 1464 4324 ,
1500 4221 1503 4316 l

482 4350 552 4443 libi
568 4352 713 4482 reliqui.
746 4442 752 4451 ,
770 4354 870 4435 Μοκ
884 4356 1021 4452 Meum
1034 4358 1244 4475 iterumque
1258 4361 1412 4445 acidum
1501 4331 1502 4390 Ν

1344 4476 1411 4563 ad·
