3334 5350
511 696 712 819 Pignrtnti
752 688 896 798 Indici.
1126 738 1169 815 25

244 901 445 1021 nunquam
466 916 593 991 tamen
618 906 773 990 admisso
789 935 876 991 aere
894 908 1018 1018 liquor
1035 902 1182 993 iterum

243 1025 539 1139 quodammodo
576 1024 793 1127 viridescit,
849 1024 915 1108 sed
946 1024 1052 1109 brevi
1075 1048 1173 1109 tem-

243 1170 363 1253 pore3
391 1144 735 1224 moxcnimomnis
752 1139 860 1221 colot
875 1144 1175 1257 evanescit,}{aci-
1271 1246 1275 1257 ι

246 1261 306 1342 dis
325 1261 484 1369 aliisque
502 1258 768 1341 additamentis
790 1258 1050 1362 irreparabilis,

331 1406 385 1479 ¹9·
418 1384 561 1457 Eonnu
589 1373 733 1476 mod0‚
774 1399 856 1485 quo
877 1372 984 1457 alkasi
1005 1373 1174 1481 volatile,

247 1496 346 1573 calcis
373 1496 489 1574 etiam
510 1518 598 1593 aqna
621 1516 732 1595 agere
753 1488 872 1591 solet,
915 1520 994 1601 quae
1019 1518 1175 1599 parvam
1254 1553 1257 1558 -

249 1610 407 1721 quidem
420 1610 541 1690 Indici
565 1613 785 1713 portionem
800 1604 997 1689 dissolvere
1012 1608 1175 1713 videtur,
1191 1616 1193 1623 ’

248 1726 318 1807 sed
332 1746 412 1807 tam
432 1729 567 1827 exigua
591 1730 647 1825 vi,
682 1743 725 1803 ut
748 1722 1024 1834 vinobservati
1053 1727 1189 1831 poffit.v

248 1840 425 1923 Indicum
445 1845 718 1947 pracipitatum
741 1837 787 1920 ab
810 1866 905 1949 aqua
931 1839 1043 1923 calcis
1065 1838 1176 1923 facile

246 1955 462 2065 suscipitur,
485 1955 686 2039 tindiuram
700 1954 866 2061 prabens
881 1957 1054 2054 viridem,
1084 1984 1177 2039 con-

248 2079 365 2159 verso
394 2100 489 2156 mox
521 2070 654 2154 colore
686 2098 735 2151 ex
764 2067 871 2153 fusco
899 2075 1177 2157 flavescentcm.

248 2196 442 2275 Caterum
458 2217 547 2284 cum
560 2202 654 2315 aqua
668 2187 890 2270 calcisaeris
904 2188 1012 2273 liberi
1034 2190 1177 2273 accessu

253 2310 483 2397 destruatur,
519 2304 595 2387 hnc
619 2307 874 2410 experimenta
891 2306 1034 2389 invasis
1050 2306 1177 2389 clausis

252 2426 398 2507 institui
434 2422 583 2504 debent.
667 2425 772 2502 Aere
805 2420 852 2501 ab
889 2426 999 2503 initio
1044 2423 1177 2505 sedulo

253 2545 395 2640 vitato,
432 2545 472 2619 in
495 2536 687 2620 solutione
704 2538 889 2641 flavapost
903 2537 1047 2645 aliquos
1083 2540 1177 2641 dics,

246 2677 343 2740 'aere
359 2656 649 2757 admissu-viror
660 2653 818 2763 quidam
832 2654 924 2734 levis
940 2659 1077 2738 iterum
1093 2652 1179 2736 sub·-
1208 2728 1212 2736 ,

253 2773 440 2875 nasciuir,
467 2775 534 2884 qui
549 2791 676 2853 tamen
696 2768 800 2850 brevi
813 2772 1014 2853 evanescit.

340 2898 408 2984 20)
433 2896 532 2972 Nou
547 2884 703 2969 difficile
719 2888 785 2987 est,
812 2885 953 2970 horum
972 2897 1178 2970 eventuum

253 3011 445 3090 rationem
465 3003 639 3115 reddere.
715 3002 810 3085 Salia
832 3001 990 3124 alkalina
1011 3005 1090 3088 sola
1112 3013 1181 3086 c'a·

254 3123 381 3207 rulers
409 3120 616 3205 moieculas
647 3145 725 3200 non
749 3121 923 3219 soluunt,
968 3142 1071 3203 cette
1095 3147 1182 3228 per·

254 3268 394 3350 parum
416 3245 456 3320 in
485 3236 674 3347 mutandis
701 3235 776 3316 iliis
804 3235 939 3321 vai'ent.
1014 3235 1062 3331 Si!
1088 3242 1180 3322 v'cro

256 3361 499 3464 pigmentum
511 3349 705 3464 subtilius,
726 3379 844 3460 quam
858 3359 1087 3438 contritione
1102 3353 1183 3435 sola

257 3477 297 3557 dt
325 3473 558 3576 lavigatione
574 3471 672 3574 [sieri
703 3470 848 3576 potest,
879 3491 1113 3552 attenuatum
1143 3471 1182 3552 dr

256 3593 542 3674 comminutum
566 3586 638 3686 est,
666 3581 812 3666 facilius
841 3585 1022 3667 cumillis
1045 3583 1184 3668 salibus
1253 3619 1257 3625 ·

257 3711 353 3791 coit.
437 3701 563 3788 Alkaii
593 3700 750 3783 volatile
784 3699 974 3808 phlogisio
1004 3701 1183 3806 abundat,

255 3825 354 3908 hinc
370 3822 505 3928 sponte
530 3817 772 3922 intelligitur,
800 3845 870 3901 cur
889 3818 1049 3900 viridem
1074 3816 1184 3897 colo.

255 3967 345 4024 rem
358 3935 551 4048 ipsamque
569 3935 668 4017 adeo
692 3935 834 4016 odoris
855 3937 983 4016 omnis
1007 3932 1183 4044 deperdi-

255 4061 411 4140 tionem
428 4054 593 4137 inducat.
648 4058 739 4134 Hoc
761 4075 852 4162 vero
874 4050 1062 4159 explicatu
1086 4050 1184 4132 diffi-

257 4173 371 4256 cilius
392 4172 467 4274 est,
509 4167 618 4279 quod
643 4166 771 4250 alkalia
793 4169 867 4248 fixa
889 4171 927 4250 u
950 4167 1063 4250 culcis
1089 4195 1185 4278 aqua
1299 4247 1303 4255 ,

260 4281 405 4370 codem
431 4286 512 4369 sere
542 4283 665 4366 modo
695 4304 820 4387 agunt.
895 4284 1185 4382 Observandum

260 4428 396 4493 tamen
423 4407 496 4511 οὓς
538 4400 668 4488 alkalia
699 4402 775 4484 fixa
805 4401 1036 4506 crystallisata
1067 4399 1218 4560 indict

322 4537 327 4544 ·
732 4524 816 4623 135
1075 4539 1184 4598 coro-
