3334 5350
486 689 555 762 toa
697 665 771 762 -Dr
798 662 937 760 Terris
959 659 1201 787 Geoponicis.

486 897 596 962 antea
626 876 925 958 commemorari
960 870 1031 980 (p,
1052 871 1183 979 lili),
1215 869 1398 955 emendari

515 989 621 1076 orell.
679 999 721 1073 ln
735 989 929 1098 campestri
952 987 1061 1089 loco,
1088 983 1153 1068 vbi
1176 986 1308 1096 pluvia
1330 1015 1398 1070 cot·

437 1177 441 1192 .
486 1021 529 1192 lo
544 1105 696 1214 delapsa
712 1113 826 1211 'eopia
847 1107 1048 1218 quotannis
1070 1129 1108 1205 ¹5
1129 1108 1275 1186 circiter
1298 1105 1404 1212 polli-

489 1249 577 1306 cum
592 1222 824 1306 altitudinem
846 1217 1051 1322 eiliciebat,
1085 1225 1269 1327 optimam
1291 1241 1404 1304 tetra·
1437 1325 1440 1330 .

489 1365 573 1422 rum
601 1336 815 1420 mistionem
841 1363 923 1420 eam
947 1336 1020 1417 elie
1048 1341 1191 1442 inveni,
1218 1365 1299 1450 qua
1317 1333 1411 1420 duns'

299 1485 305 1499 ·
354 1556 359 1570 „
482 1475 592 1536 tetra
605 1449 794 1557 calcareas,
821 1479 935 1536 unam
948 1449 1149 1556 magnefiae,
1172 1475 1337 1564 quatuor
1352 1481 1406 1536 at.

490 1568 582 1677 gilla
597 1567 856 1656 &rresarrnae
868 1566 993 1652 sulceae
1015 1588 1135 1673 partes
1158 1567 1282 1651 habet.
1341 1576 1406 1652 Su·

376 1758 378 1764 ,
490 1706 692 1792 praautem
708 1689 852 1789 monui,
867 1689 1051 1791 optimam
1066 1706 1245 1768 tertarum
1264 1704 1408 1795 tempe·

489 1823 651 1884 raturam
669 1827 751 1886 non
774 1802 935 1884 eandem
949 1801 1095 1907 semper
1111 1802 1153 1887 dt
1172 1799 1313 1911 ubique
1330 1800 1413 1884 esse.

488 1921 676 2022 Caterum
692 1945 753 2021 ea,
775 1945 858 2029 qua
873 1922 950 2021 jam
970 1915 1019 1997 de
1042 1941 1217 2020 agrorum
1233 1913 1410 1999 corredi-

490 2037 568 2116 one'
583 2035 620 2115 dr
636 2034 807 2136 remediis
816 2037 984 2142 praecepi,
998 2057 1131 2138 parum
1146 2036 1299 2143 quidem
1307 2035 1410 2117 diffi-

437 2153 441 2160 ‘
492 2151 638 2232 cultatis
656 2148 816 2243 habent3
845 2170 1030 2250 attamen,
1057 2169 1099 2230 ut
1112 2176 1162 2231 eo
1171 2149 1311 2232 facilius
1325 2179 1410 2258 per·

413 2261 416 2268 ’
491 2271 552 2370 agi
572 2266 727 2373 pollrnr,
773 2264 962 2348 nonnullis
993 2265 1172 2373 exennplis
1202 2265 1411 2348 illustranda
1496 2316 1498 2407 p

493 2402 613 2476 erunt.
671 2383 878 2466 Cumvuro
894 2384 1055 2462 materia
1075 2400 1179 2462 terra
1203 2381 1412 2465 admiscen-
1497 2426 1499 2495 p

492 2495 619 2581 davel
644 2495 825 2603 simplices
850 2495 937 2601 lint,
974 2493 1106 2576 velex
1127 2494 1412 2605 fimplicioribus
1494 2500 1500 2587 l

491 2612 725 2724 catapoita,
789 2608 946 2723 fingulas
984 2609 1134 2698 seorlim
1180 2612 1413 2700 confiderure
1499 2648 1500 2684 ι

491 2754 589 2837 opus
611 2733 711 2815 eli.-

574 2852 619 2929 81
633 2873 722 2953 ager
741 2846 853 2932 calcis
874 2848 1097 2931 admistione
1120 2847 1282 2956 indiget,
1313 2849 1415 2932 utilis

490 2981 547 3046 ter
561 2961 726 3045 adhiberi
742 2963 888 3071 poliunt
902 2964 1129 3047 concharum
1142 2968 1237 3047 tella
1247 2965 1414 3069 foditur,
1499 3011 1500 3018 κ

492 3106 572 3190 qua
588 3079 716 3187 paifim
733 3080 800 3162 sub
824 3101 921 3163 tetra
944 3080 1058 3188 longo
1083 3080 1228 3192 lateque
1257 3108 1412 3165 coacer-

493 3216 584 3279 vattr
600 3201 842 3304 reperiuntur.
899 3202 989 3277 Hac
997 3202 1168 3303 natatoria,
1196 3224 1286 3279 cum
1300 3195 1414 3304 fragi-

429 3348 433 3359 ,
491 3310 535 3395 lis
550 3310 768 3423 plerumque
783 3315 822 3396 u
837 3311 940 3395 velut
955 3314 1079 3396 exusta
1095 3312 1154 3416 lit,
1184 3307 1291 3397 facile
1316 3343 1415 3397 con·

491 3437 560 3511 teri
583 3426 762 3513 &humo
799 3430 1041 3513 intermisceri
1069 3430 1201 3537 potest.
1291 3435 1416 3542 Aqua
1462 3469 1467 3477 ’

491 3554 604 3631 etiam
633 3570 682 3626 ex
712 3552 901 3653 praeruptis
926 3544 1118 3627 montibus
1146 3545 1322 3629 calcaneis
1344 3548 1416 3630 de·

488 3666 667 3763 fluentes,
711 3658 920 3772 pulveremp'}
934 3662 1061 3744 secum
1088 3658 1274 3768 abripiunt
1296 3662 1418 3747 subti.'

475 3774 561 3863 ⁴lem
578 3776 639 3861 vel
661 3775 933 3880 meliusculum,
961 3804 1076 3886 quem
1097 3777 1293 3887 deinceps,
1323 3779 1416 3876 c'um

354 3914 357 3923 “
468 3902 528 3979 'in
543 3895 716 4003 depressis
734 3895 829 3976 locis
838 3890 1001 3976 collecta
1012 3894 1115 3992 sunt,
1143 3894 1422 4001 paullnrimdc-²

489 4016 658 4095 mittunt
729 4016 805 4092 l-lic
836 4014 950 4113 igitur
969 4007 1088 4117 pulvis
1110 4009 1296 4092 calcaneus
1312 4038 1423 4117 agro·
1471 4048 1475 4053 ·

488 4127 728 4212 stercoranda
754 4126 984 4231 peridoneus
1008 4127 1084 4229 eii,
1113 4127 1176 4205 l'ed
1195 4153 1282 4207 tato
1303 4128 1415 4209 ‘tuffi-

403 4309 409 4322 Ι
490 4248 690 4343 ciens-ejus
708 4243 949 4348 daturcopia.·
995 4246 1107 4325 Creta
1121 4242 1415 4325 etiamdtcalca-

480 4388 573 4443 reus
597 4360 688 4468 lapis
717 4352 965 4441 commolitus
988 4355 1047 4440 rel
1069 4356 1289 4465 pulveratus-
1304 4376 1415 4441 com-

477 4474 481 4487 ’
1293 4477 1413 4561 mode
