3334 5350
483 623 1016 801 fintauarmrtinan.'
1130 709 1265 793 aa

251 962 255 977 ,
285 874 394 991 quod
418 850 700 963 Scnlrrnmus
727 906 775 960 ex
793 850 949 981 fasciola
982 882 1067 963 ovis
1089 880 1206 989 hepa·
1233 874 1237 879 ’

284 998 362 1077 tica
380 994 562 1103 depinxit.
632 990 863 1089 Membrum
884 990 993 1079 virile
1013 996 1086 1082 effe
1099 1021 1226 1115 puto„

283 1110 380 1193 lude
403 1110 512 1195 vulva
529 1110 613 1204 hiat
631 1132 804 1218 apertura
832 1113 1101 1221 angulliffima‚
1160 1144 1236 1200 errx

281 1252 379 1337 qua,
396 1224 609 1337 compresso
624 1248 776 1333 ventre,
790 1228 965 1315 humoris
978 1230 1072 1320 nihil
1086 1229 1209 1317 exlbl-

282 1340 361 1425 lare
373 1344 508 1427 vidi.¹
826 1378 829 1381 ·
956 1423 961 1434 .
1204 1346 1209 1404 s

366 1466 481 1545 Hanc
495 1460 735 1565 animalcula,
771 1492 861 1557 cum
885 1467 1080 1572 utriusque
1094 1466 1206 1549 sexus
1321 1505 1333 1524 κ

280 1576 465 1661 membris
487 1575 660 1661 instrutta
680 1578 768 1681 fiat,
788 1578 870 1666 'fibi
892 1600 1020 1672 tamen
1044 1580 1093 1665 ad
1111 1609 1204 1696 pro·
1318 1663 1322 1671 ,

278 1693 482 1777 creandam
498 1690 678 1778 sobolem
693 1696 770 1791 sola
793 1712 873 1777 non
888 1696 1079 1793 sufficere,
1115 1709 1204 1804 'per-

275 1810 462 1914 suadeor,
520 1838 610 1893 cum
637 1806 816 1920 limacum
849 1814 890 1895 dr
928 1812 1206 1900 lumbricorum

276 1924 470 2036 exemplo,
492 1932 572 2037 qui,
592 1926 730 2037 pariter
746 1933 943 2041 utriusque
958 1931 1069 2015 sexus
1083 1927 1203 2048 facul·

276 2036 354 2125 t‘a'te
369 2042 531 2152 prndio,
544 2068 616 2125 ova
626 2071 704 2125 non
721 2050 890 2155 pariunt,
921 2046 984 2129 nifi
996 2048 1203 2140 'coiverint3

254 2178 362 2272 ‚mm
386 2162 550 2241 maxime
572 2187 641 2263 eo,
675 2162 782 2271 quod
807 2162 1024 2245 hirudinem
1050 2161 1207 2245 seorlim'

274 2276 492 2365 asservatam
513 2280 585 2361 ov'a
608 2277 783 2389 quidem,
820 2277 888 2361 sed
911 2283 1033 2385 irrita,
1070 2305 1202 2393 parere

273 2392 449 2505 viderim.
968 2490 977 2511 x

291 2548 299 2561 ,
358 2518 417 2593 Da
439 2512 582 2593 interna
603 2506 781 2593 llrudlura
797 2507 892 2593 nlhil
906 2511 1115 2595 admodum
1133 2510 1199 2614 etl,

272 2624 382 2742 quod
399 2652 602 2724 moneam3
631 2654 745 2741 quam
760 2632 852 2740 quin
871 2634 1078 2712 accuratius
1091 2626 1199 2712 inda·

271 2769 414 2848 gmem,
433 2741 670 2852 pellucidiras
678 2749 842 2852 partium
850 2743 985 2830 obfmt.
1018 2757 1059 2829 ln
1072 2750 1198 2852 junio·

267 2859 377 2942 'ribus
393 2849 472 2944 duo
489 2860 632 2945 vascula
641 2879 767 2945 tenera
784 2863 1087 2970 conspiciuntur,
1117 2870 1197 2972 qu'ae
1256 2920 1261 2937 t

271 2977 320 3060 ab
336 3004 406 3059 ore
420 2979 622 3066 retrorsum
637 2976 811 3086 porrecta
830 2984 871 3061 in
883 2977 1072 3089 postrema
1089 3002 1195 3086 parte

269 3097 486 3206 junguntur.
511 3100 721 3182 Putaverim
729 3097 946 3179 intestinum
956 3098 1029 3180 elle
1038 3103 1077 3178 in
1086 3123 1194 3179 arcus

266 3211 438 3318 speciem
446 3211 641 3312 reflexum,
655 3214 761 3314 cujus
769 3211 883 3296 altere
892 3242 977 3323 pars
985 3215 1193 3323 cibumore

267 3347 424 3438 captum
432 3347 661 3438 concoquat,
690 3327 803 3412 altera
820 3350 1059 3412 excrementa
1069 3355 1138 3436 per
1147 3312 1191 3408 os
1281 3389 1284 3394 -

267 3444 472 3546 rejicienda
483 3443 670 3551 suscipiat.
694 3445 760 3526 ‘Sic
776 3449 880 3528 enim
890 3465 1001 3527 natos
1010 3442 1081 3526 elle
1093 3443 1190 3525 rnul.
1318 3467 1341 3499 ἰ

265 3581 330 3648 tos
343 3587 492 3643 vermes
505 3565 705 3690 novimus,
739 3578 782 3644 ut
802 3566 1023 3643 communia
1046 3534 1191 3643 cibi&

263 3673 442 3760 sordium
456 3677 551 3762 ostia
566 3675 740 3762 habeant,
825 3680 943 3763 Certe
957 3679 996 3756 in
1010 3673 1188 3757 hirudine

263 3812 398 3902 preter
415 3819 460 3875 os
476 3796 514 3878 dr
531 3791 681 3876 vulvam
697 3789 840 3875 nullam
855 3793 936 3875 vidi
956 3779 1202 3899 apcrturatm'.
1315 3889 1317 3897 Ι

260 3899 335 4019 per
353 3934 467 4022 quam
484 3914 606 3993 exitus
622 3901 874 3992 excrementis
889 3930 1018 4022 patere
1033 3907 1157 4015 poffit.

337 4033 577 4111 Hieromus
590 4024 709 4108 cauda
720 4051 991 4139 nonnunquam
1001 4029 1185 4128 nituntur,
1317 4021 1349 4043 ''

231 4209 236 4218 .
259 4139 414 4260 reliquo
438 4164 623 4252 corpore,
658 4143 790 4227 nescio
811 4141 1001 4253 ob-quam
1022 4139 1185 4244 causam,
1216 4142 1220 4148 ’
1308 4161 1313 4180 ·

258 4258 459 4344 huc·illuc
482 4257 698 4346 fluctuante.
763 4259 1119 4370 frequentantur
1146 4262 1186 4338 in

258 4375 433 4482 stagnis‚'
452 4373 580 4489 ibique
596 4385 670 4470 ova
687 4376 751 4460 sua
769 4378 809 4456 in
830 4371 934 4460 loliis
944 4371 1185 4481 surculisque

747 4494 786 4577 Ο
811 4519 832 4606 3
1039 4497 1186 4588 Renun-
