3334 5350
479 641 552 754 Μ
575 635 819 772 magma
790 639 998 815 ΜΜ-
1111 563 1189 769 Μ’.

183 955 186 960 ,
289 847 477 956 Louue
501 855 607 946 aliter
629 863 666 945 se
685 848 801 946 habet·
820 862 991 967 magnes
981 893 1001 947 a
1027 869 1172 979 exusta·

239 1003 358 1094 quam
375 979 607 1061 menstruum
629 1007 665 1060 ei
656 976 954 1062 circumfusum
975 950 1054 1064 adn
1083 982 1171 1094 qui-³

239 1101 335 1180 dem
349 1095 460 1202 piane
471 1093 647 1178 intudem
664 1094 856 1204 relinquit,
878 1090 942 1178 sed
955 1099 1170 1184 admodum

234 1213 345 1296 lente
358 1214 408 1305 d
415 1210 489 1294 fine
502 1231 622 1294 motu
631 1208 788 1296 sensibili
805 1213 1026 1314 aggreditur
1074 1223 1166 1299 Pra-

240 1353 345 1414 aerea
361 1327 586 1433 solut1o1psa
597 1329 787 1410 menstruo
798 1329 1172 1439 soiospeclficepou-'

241 1444 487 1546 derofiorest‚
516 1440 1097 1556 ideoqueinvesasfundorestat,
1126 1452 1165 1533 d

241 1561 344 1646 acidi
370 1566 458 1668 puri
485 1561 756 1669 supernatantis
784 1561 980 1642 ecceffum·
989 1568 1170 1670 impedie

240 1675 450 1774 Paullatim
452 1703 544 1760 vero
580 1673 643 1780 id,
678 1675 785 1788 quod
802 1676 966 1759 solutum
987 1682 1071 1782 est
1091 1693 1180 1790 p‘er·

239 1815 378 1878 totum
384 1791 573 1904 liquorem
590 1792 835 1896 distribuitur,
863 1788 1169 1904 reliquuseutem

238 1908 365 2024 puluis
380 1907 516 2000 sensim
537 1908 759 1992 diffoluitur.
844 1912 1062 1994 Lentiffime
1088 1913 1169 1995 haee

236 2030 374 2110 omnia
388 2029 502 2130 fiune
550 2029 653 2108 Hinc
668 2021 904 2128 menifestum
920 2029 984 2125 est,
996 2028 1050 2111 ob
1066 2028 1165 2111 acidi

241 2153 347 2227 ae'rm
338 2138 555 2226 'defeiium
577 2139 809 2224 solutionem
831 2120 1055 2247 retardari,
1084 2169 1164 2227 non

240 2281 370 2344 tamen
391 2257 445 2342 ob
468 2257 570 2340 hunc
592 2255 734 2356 sulum,
792 2285 883 2341 cum
906 2259 999 2342 ⁴alias
1026 2266 1165 2365 agitato

240 2377 409 2461 humore
422 2374 565 2457 solutio
580 2377 658 2482 pari
675 2373 886 2485 eeleritate,
913 2403 959 2457 ac
973 2377 999 2459 fi
1014 2388 1167 2460 aereum

240 2492 398 2578 acidum
413 2489 884 2596 magneiiaeedhueineiiet,
911 2492 1168 2597 perficidebe·

239 2630 310 2693 ret.
394 2606 558 2691 Accedit
573 2611 678 2723 euim
696 2605 850 2710 ehoe,
883 2606 1105 2713 megnefiam
1127 2615 1168 2693 iu

240 2732 332 2832 igne
343 2750 480 2837 aquam
493 2722 713 2831 perdidisse,
742 2750 822 2833 quae
837 2729 986 2831 triginta
995 2736 1166 2830 centum·
1198 2820 1206 2836 N

241 2844 380 2953 pondii
396 2862 523 2948 partes
537 2838 736 2923 efficiebat.
802 2846 892 2923 Hoc
905 2864 1166 2955 eutem-aque

239 2958 382 3046 iecessu
403 2956 502 3041 acidi
520 2955 679 3041 acceffio
702 2956 920 3064 impeditur.
985 2963 1167 3066 Quapro.
1240 2964 1243 2970 ’

238 3096 330 3185 pter
360 3093 509 3159 tantum
537 3071 656 3175 abest,
700 3094 742 3155 ut
768 3080 1043 3180 experimenta,
1084 3103 1167 3185 quae

238 3190 532 3303 propostu'mus,
560 3186 817 3311 magnefiam
796 3218 835 3273 m
851 3190 993 3275 calcem
1008 3220 1168 3273 conver-

239 3312 320 3399 fiun
337 3306 616 3411 fuissecogam,
658 3290 861 3409 maeotida,
901 3336 988 3390 cum
1002 3328 1169 3417 utroque

239 3425 391 3528 modo,
427 3443 512 3507 tum
525 3450 574 3505 ex
591 3423 666 3503 usta
684 3422 865 3525 magnefia
880 3444 962 3505 tum
975 3451 1023 3505 ex
1036 3423 1166 3526 cruda,

239 3543 351 3627 idem
368 3537 421 3625 sal
433 3539 667 3641 obtineatur
705 3556 844 3619 terram
856 3541 1029 3621 nostram
1051 3566 1169 3621 uuam

239 3662 395 3768 semper
419 3654 655 3765 eandemque
677 3652 750 3735 effe
773 3654 1042 3737 demonstrent.
1126 3661 1169 3736 lu
1214 3727 1219 3753 ,

240 3774 465 3861 uuiversum
477 3792 604 3871 eutem
618 3790 866 3853 terreomnes
882 3767 1041 3852 alcaliuae
1056 3767 1170 3874 louge

240 3892 393 3979 facilius
407 3889 454 3973 ab
469 3888 588 3971 acidis
606 3884 826 3969 fortioribus
841 3884 1108 3975 dissoluuntur
1142 3883 1171 3972 fi

240 4009 357 4093 acido
373 4013 487 4087 aereo
501 4002 632 4107 jundae
648 4002 754 4103 funt,
786 4029 902 4114 quam
922 4001 1170 4086 fiee-carent

241 4125 429 4215 Videmus
462 4125 576 4204 etiam
611 4124 652 4203 in
688 4118 927 4203 laboratorias
952 4117 1171 4203 'solutiones

240 4266 383 4325 omnes
400 4254 512 4321 motu
534 4233 745 4319 accelerari.
833 4240 896 4318 Sic
908 4266 945 4326 v.
959 4266 992 4328 c.
1006 4236 1172 4319 sacchari

243 4358 440 4441 semuncia
457 4359 495 4435 in
511 4352 632 4436 tribus
649 4378 750 4461 aquae
765 4356 889 4440 unciis
906 4352 1173 4436 thermometri

282 4482 669 4587 Bemmopuscstoils.
817 4473 860 4552 H
1023 4465 1200 4577 liquore-
