3334 5350
450 657 588 762 ⁸28·
766 671 946 813 Anolyſjs
971 670 1143 765 Clnmr'co
1231 684 1234 696 ’

488 906 585 991 pore
599 877 823 985 phlogistico
841 878 985 987 addito,
1000 884 1174 987 protinus
1191 880 1324 967 colore
1337 890 1414 990 pri-

485 996 765 1106 ·vuturdruquae
786 996 1051 1103 limpiditatern
1074 996 1230 1081 offerint
1286 1008 1411 1085 Notus
1460 1066 1467 1075 .

489 1118 541 1197 est
573 1113 760 1234 inagneiiae
782 1117 890 1215 nigro
917 1116 1006 1201 usuc
1028 1114 1076 1196 ad
1096 1120 1244 1198 vinaria
1269 1142 1408 1224 opcr23

388 1324 393 1331 .
488 1232 637 1315 additur
661 1256 799 1334 nempe
826 1234 913 1311 vitri
934 1236 1130 1335 materiae,
1167 1252 1210 1315 ur
1232 1232 1409 1319 colorem

487 1349 692 1430 consumat.
752 1344 846 1429 Hoc
874 1366 1001 1429 auteur
1022 1348 1197 1455 phlogisti
1220 1348 1407 1457 absorpti-

486 1495 561 1548 one
591 1466 740 1573 praestut.
794 1462 1049 1547 Luculentum
1080 1464 1190 1566 hujus
1214 1470 1267 1547 rei
1295 1494 1408 1572 argu.
1522 1495 1526 1506 ·

484 1604 657 1667 mentum
671 1578 847 1678 habebis,
870 1578 1087 1684 fiexigunrn
1108 1581 1283 1684 magncsri
1307 1589 1408 1689 nigri

483 1706 622 1782 uricrnr
638 1726 726 1778 cum
742 1693 892 1777 tantillo
907 1694 992 1778 solis
1008 1698 1310 1795 microcosmici,
1343 1722 1405 1783 tu-

483 1818 520 1901 bi
556 1815 852 1897 ferruminatorii
881 1838 957 1919 ope
982 1810 1127 1923 fundus.
1209 1814 1275 1897 Sic*
1299 1822 1405 1902 enim

479 1931 656 2041 globulus
673 1929 867 2012 obtinetur
880 1930 1091 2035 pellucidus
1109 1929 1176 2011 sed
1189 1930 1402 2017 ruberrimo

479 2054 613 2135 coiore
628 2046 794 2145 dodim,
837 2051 902 2153 qui
919 2048 1068 2128 diutius
1087 2050 1128 2128 in
1145 2052 1233 2151 igne
1253 2044 1404 2134 fusorio

480 2170 655 2249 detentus
666 2162 881 2269 phlogisson
898 2191 945 2244 ex
961 2161 1124 2277 carbone
1137 2164 1319 2249 substrato
1333 2166 1401 2249 ab·

477 2284 624 2369 sorbet,
660 2303 785 2388 eoque
816 2277 975 2360 decolor
1003 2279 1180 2362 redditur.
1241 2286 1279 2363 Si
1300 2288 1399 2365 'vero

475 2400 593 2483 masse
612 2395 865 2480 adhucfluidc
880 2398 966 2477 nitri
981 2393 1119 2478 micula
1135 2395 1304 2519 additur7
1333 2428 1400 2481 ru·

420 2536 428 2551 ·
475 2518 549 2601 bor
569 2515 691 2597 statim
711 2512 829 2601 redit,
862 2513 972 2606 ideo,
1008 2512 1114 2621 quod
1138 2510 1258 2625 aliqua
1281 2513 1399 2623 phion

473 2637 555 2740 giiii
570 2630 959 2739 portiocomburitur.
1018 2633 1192 2738 Denique
1215 2628 1398 2736 figlobu-

470 2753 531 2832 lus
545 2747 683 2832 tindius
699 2747 767 2828 sub
783 2745 927 2828 fusione
943 2746 1190 2829 sustentaculo
1216 2773 1396 2851 argenteo

472 2871 681 2972 excipitur,
716 2862 825 2942 color
846 2861 1020 2968 persistit,
1057 2891 1146 2946 cunr
1175 2862 1268 2945 nihil
1286 2865 1395 2973 adit,

472 2985 578 3078 cuius
604 2979 813 3061 accessione
829 2978 948 3059 deleri
971 2981 1117 3087 poffit„
1150 2986 1241 3064 Haec
1261 2987 1395 3072 omnia

469 3099 692 3182 sententiam
706 3099 872 3180 nostrum
892 3098 1134 3182 confirmant·
1231 3125 1235 3134 ·

553 3237 558 3275 ¹
863 3275 867 3284 ,

553 3335 695 3418 Conon
709 3326 770 3408 ille
796 3323 1010 3426 subfuscus‚
1048 3334 1113 3442 qui
1135 3333 1222 3438 post-
1241 3332 1392 3420 cerulei

388 3503 393 3513 ·
466 3448 673 3558 viridisque
694 3443 833 3529 coloris
856 3445 1159 3551 deperditionem
1182 3453 1221 3529 in
1237 3449 1390 3561 liquore

398 3613 417 3630 ·-
466 3567 649 3672 superest,
677 3561 1243 3665 materiaeextrastiuaedebetun
1271 3593 1388 3676 quum

463 3682 679 3792 phlogiston
702 3701 848 3762 mutare
873 3705 954 3760 non
976 3684 1111 3786 potuit
1172 3681 1295 3765 Color
1317 3685 1390 3765 iste

462 3804 583 3882 flavus
613 3773 674 3880 ved
704 3794 829 3879 fuscus
854 3823 874 3879 a
896 3794 1055 3876 caeruleo
1088 3797 1262 3882 &viridi
1284 3797 1386 3907 quali

461 3915 679 3998 absorbetur
708 3939 832 4025 neque
855 3933 1072 4022 comparet,
1110 3913 1176 4003 nifi
1209 3914 1251 3998 hi
1278 3921 1385 4022 prius

424 4064 432 4127 g
460 4035 686 4118 evanuerint.
1274 4057 1277 4076 ·

1524 675 1527 841 i
