3334 5350
507 652 562 743 30
784 620 962 762 Antyſst
978 638 1168 756 chemin.
1249 700 1260 709 -

498 880 501 888 ¹
592 846 656 946 22)
684 848 779 941 Cam
810 839 985 951 Indicum
1015 844 1137 927 solum
1169 844 1432 935 fermentatio-

508 988 598 1045 nem
626 954 768 1047 nullam
793 982 984 1070 pateretur
991 1024 1004 1063 ,
1048 967 1353 1071 experimentum
1381 974 1434 1055 ita

507 1076 673 1185 mutam,
717 1101 759 1162 ut
788 1079 916 1161 eidem
951 1106 1042 1159 cum
1071 1080 1190 1179 Indici
1220 1103 1302 1166 tum
1320 1103 1433 1197 'aque

380 1271 383 1279 .
505 1196 673 1304 ponderi
683 1198 914 1281 semunciam
929 1190 1041 1298 faecis,
1060 1220 1141 1307 quae
1155 1196 1204 1279 ad
1217 1201 1433 1285 cerevisiam

431 1295 439 1322 ⁸
506 1313 713 1422 parandam
731 1312 847 1418 vulgo
864 1310 1082 1411 adhibetur,
1113 1314 1302 1399 adderem.
1360 1316 1433 1401 Al.

505 1451 593 1512 tero
613 1430 679 1513 die
699 1428 788 1512 situs
812 1427 968 1540 quidam
990 1434 1029 1509 in
1052 1430 1251 1535 superficie
1272 1460 1431 1541 compa.

386 1604 389 1612 ,
504 1550 603 1649 ruit,
629 1551 696 1659 qui
717 1545 848 1629 sensim
868 1542 999 1627 auctus
1023 1549 1062 1626 in
1085 1546 1246 1629 crustam
1267 1574 1456 1633 cunero*

505 1668 571 1745 vit
626 1669 774 1775 Liquor
794 1662 969 1745 turbidus
999 1660 1155 1772 quidam
1179 1667 1217 1747 dr
1239 1666 1431 1776 quodam-

503 1779 626 1861 modo
640 1780 770 1862 viridis
784 1778 874 1861 inde
895 1777 1066 1859 redditus
1093 1780 1166 1895 est,
1194 1780 1259 1861 sed
1278 1781 1430 1867 nulium

407 1916 412 1926 '
498 1892 803 1981 fermentationis
826 1895 1011 1977 indicium
1039 1894 1213 1978 ostendit.
1237 1946 1243 1963 ·
1277 1903 1429 2007 Qiinto

502 2011 567 2095 die
581 2014 737 2123 peifime
758 2010 889 2093 foetere
903 2016 1029 2119 coepit.

583 2138 646 2231 aa)
679 2137 1004 2210 Exrnnrnnnwn
1037 2110 1165 2237 queita
1195 2135 1282 2215 viee
1313 2158 1427 2240 repe·
1515 2182 1516 2185 κ

500 2266 604 2346 tens,
633 2240 735 2327 faecis
754 2240 1147 2349 locogiutenaddidi
1177 2275 1225 2330 ex
1244 2246 1428 2335 frumenti
1515 2252 1516 2269 ¹

486 2358 618 2445 farina
633 2379 815 2471 paratum.
873 2358 979 2443 Nihil
994 2388 1087 2443 vero
1101 2361 1208 2445 aliter
1221 2392 1335 2477 quam
1357 2394 1426 2449 an-

422 2517 425 2523 ,
498 2498 559 2561 tea
575 2470 754 2582 contigit,
783 2480 951 2561 virorem
965 2495 1094 2591 tamen
1121 2484 1248 2571 minu‘s
1268 2481 1425 2591 conspi-

497 2620 615 2679 cuum
635 2593 847 2680 &crustam
858 2598 1073 2677 tenuiorem
1087 2622 1201 2706 quam
1216 2602 1254 2682 in
1269 2618 1425 2682 antece-

497 2712 605 2795 denti
618 2715 880 2818 experimento
895 2709 1099 2795 observavi.
1161 2775 1163 2782 ,
1276 2728 1278 2745 “

580 2840 646 2929 24)
672 2833 914 2910 Conmscm
928 2825 1093 2940 denique
1109 2825 1312 2912 decodium
1325 2831 1425 2918 mal·

495 2946 529 3026 ti
560 2970 649 3026 cum
676 2969 773 3052 aqua
800 2941 919 3026 calida
946 2970 1118 3050 paratum
1147 2946 1211 3028 sex
1241 2943 1424 3035 librarum

394 3143 399 3158 ,
495 3058 668 3167 pondere
691 3086 780 3143 curn
803 3058 925 3142 indici
945 3065 1053 3144 uncia
1076 3062 1254 3178 dimidia,
1282 3062 1422 3150 &fer-

493 3179 616 3258 menti
639 3173 801 3278 vulga'ris
831 3170 953 3262 uncds
975 3175 1133 3262 duabus.
1188 3184 1265 3261 Hie
1286 3184 1423 3292 liquor

366 3310 371 3320 '
491 3309 593 3386 28vo
608 3292 730 3397 gradu
742 3289 866 3378 calens
881 3295 1064 3376 consueto
1080 3295 1200 3376 modo
1213 3291 1421 3382 fermenta-

489 3413 639 3490 tionem
658 3407 782 3510 subiit,
805 3409 899 3490 nihil
914 3410 1022 3522 qnod
1041 3409 1220 3514 finguiare
1233 3411 1293 3496 vel
1315 3417 1421 3499 inib-

489 3521 573 3610 iens
588 3525 696 3614 effer,
724 3525 947 3630 ostendens,
976 3525 1041 3609 nifi
1062 3526 1168 3634 quod
1190 3527 1325 3614 diebus
1348 3531 1421 3616 ali.

486 3663 587 3758 quot
603 3639 840 3754 praeterlapsis
860 3639 928 3725 snu
951 3665 1267 3749 corrumperetur.
1376 3709 1385 3724 ,

572 3761 636 3863 25)
665 3768 842 3842 mens
876 3759 1060 3841 Indicum.
1081 3758 1130 3840 ad
1151 3755 1420 3846 fermentatio.

485 3899 578 3958 nem
603 3874 706 3959 haud
724 3875 910 3957 idoneum
932 3873 1023 3968 eise,
1046 3839 1113 3956 Ptd
1133 3879 1263 3984 potins
1283 3901 1420 3984 putre·

484 3991 577 4073 dine
602 3995 819 4096 corrumpi,
841 4019 935 4104 ‚quae
958 3995 1172 4086 tamenim
1229 3989 1327 4078 ferra
1347 3999 1420 4097 est,

480 4135 575 4190 eum
592 4106 719 4216 liquor
732 4104 833 4190 illam
851 4103 991 4212 padus,
1016 4106 1156 4190 eodem
1176 4195 1180 4212 ,
1195 4135 1257 4192 ere
1273 4111 1419 4216 modo,

313 4294 316 4303 .
450 4328 454 4337 ,
480 4249 564 4334 qno
580 4220 805 4324 deeodntm
830 4221 909 4304 sese
922 4221 1067 4326 habeat.
1084 4227 1130 4324 (2
1156 4231 1215 4326 3.)
1261 4233 1418 4332 Negan-

483 4341 724 4423 dumtamen
744 4341 914 4438 nonest,
943 4337 1150 4423 moteculas
1167 4339 1359 4445 widem,
1392 4373 1416 4428 a

1327 4460 1416 4544 sola
1512 4477 1515 4484 ’
