<?xml version="1.0" encoding="UTF-8"?>
<!DOCTYPE html PUBLIC "-//W3C//DTD XHTML 1.0 Transitional//EN"
    "http://www.w3.org/TR/xhtml1/DTD/xhtml1-transitional.dtd">
<html xmlns="http://www.w3.org/1999/xhtml" xml:lang="en" lang="en">
 <head>
  <title>
</title>
<meta http-equiv="Content-Type" content="text/html;charset=utf-8" />
  <meta name='ocr-system' content='tesseract 3.04.00' />
  <meta name='ocr-capabilities' content='ocr_page ocr_carea ocr_par ocr_line ocrx_word'/>
</head>
<body>
  <div class='ocr_page' id='page_1' title='image "./opusculaphysica03berggoog/opusculaphysica03berggoog_0198.png"; bbox 0 0 3334 5350; ppageno 0'>
   <div class='ocr_carea' id='block_1_1' title="bbox 519 646 1100 813">
    <p class='ocr_par' dir='ltr' id='par_1_1' title="bbox 519 646 1100 813">
     <span class='ocr_line' id='line_1_1' title="bbox 519 646 1100 813; baseline -0.003 -18"><span class='ocrx_word' id='word_1_1' title='bbox 519 692 606 805; x_wconf 65' lang='lat' dir='ltr'>ne</span> <span class='ocrx_word' id='word_1_2' title='bbox 686 646 744 773; x_wconf 60' lang='lat' dir='ltr'><em>f</em></span> <span class='ocrx_word' id='word_1_3' title='bbox 852 668 924 793; x_wconf 82' lang='lat' dir='ltr'>m</span> <span class='ocrx_word' id='word_1_4' title='bbox 938 696 1100 813; x_wconf 72' lang='lat' dir='ltr'>Apum</span> 
     </span>
    </p>
   </div>
   <div class='ocr_carea' id='block_1_2' title="bbox 412 902 1513 1949">
    <p class='ocr_par' dir='ltr' id='par_1_2' title="bbox 412 902 1513 1949">
     <span class='ocr_line' id='line_1_2' title="bbox 412 902 1441 1023; baseline -0.012 -23"><span class='ocrx_word' id='word_1_5' title='bbox 412 928 417 933; x_wconf 85' lang='grc'><strong>’</strong></span> <span class='ocrx_word' id='word_1_6' title='bbox 510 912 637 1023; x_wconf 37' lang='lat' dir='ltr'>(menti</span> <span class='ocrx_word' id='word_1_7' title='bbox 651 906 855 1015; x_wconf 79' lang='lat' dir='ltr'>accipiant,</span> <span class='ocrx_word' id='word_1_8' title='bbox 891 923 1034 1019; x_wconf 86' lang='lat' dir='ltr'>quanto</span> <span class='ocrx_word' id='word_1_9' title='bbox 1051 903 1099 987; x_wconf 82' lang='lat' dir='ltr'>ad</span> <span class='ocrx_word' id='word_1_10' title='bbox 1114 902 1356 1012; x_wconf 83' lang='lat' dir='ltr'>explicandas</span> <span class='ocrx_word' id='word_1_11' title='bbox 1372 904 1441 988; x_wconf 85' lang='lat' dir='ltr'>iir-</span> 
     </span>
     <span class='ocr_line' id='line_1_3' title="bbox 517 1018 1442 1137; baseline -0.009 -27"><span class='ocrx_word' id='word_1_12' title='bbox 517 1026 748 1137; x_wconf 87' lang='lat' dir='ltr'>mandasque</span> <span class='ocrx_word' id='word_1_13' title='bbox 771 1043 896 1129; x_wconf 83' lang='lat' dir='ltr'>partes</span> <span class='ocrx_word' id='word_1_14' title='bbox 914 1018 1095 1125; x_wconf 81' lang='lat' dir='ltr'><strong>genitales</strong></span> <span class='ocrx_word' id='word_1_15' title='bbox 1117 1046 1216 1133; x_wconf 78' lang='lat' dir='ltr'>opus</span> <span class='ocrx_word' id='word_1_16' title='bbox 1237 1022 1301 1103; x_wconf 80' lang='lat' dir='ltr'>est</span> <span class='ocrx_word' id='word_1_17' title='bbox 1337 1022 1442 1128; x_wconf 70' lang='lat' dir='ltr'>(vid,</span> 
     </span>
     <span class='ocr_line' id='line_1_4' title="bbox 452 1138 1488 1251; baseline -0.01 -20"><span class='ocrx_word' id='word_1_18' title='bbox 452 1224 456 1231; x_wconf 89' lang='lat'>.</span> <span class='ocrx_word' id='word_1_19' title='bbox 513 1142 701 1251; x_wconf 83' lang='lat' dir='ltr'>Phyfiogr.</span> <span class='ocrx_word' id='word_1_20' title='bbox 716 1138 837 1223; x_wconf 89' lang='lat' dir='ltr'>tellur.</span> <span class='ocrx_word' id='word_1_21' title='bbox 852 1146 883 1242; x_wconf 60' lang='grc' dir='ltr'>ς.</span> <span class='ocrx_word' id='word_1_22' title='bbox 899 1144 1005 1235; x_wconf 82' lang='lat'><em>222.)</em></span> <span class='ocrx_word' id='word_1_23' title='bbox 1069 1139 1134 1221; x_wconf 86' lang='lat' dir='ltr'>An</span> <span class='ocrx_word' id='word_1_24' title='bbox 1155 1138 1208 1218; x_wconf 93' lang='lat' dir='ltr'>ob</span> <span class='ocrx_word' id='word_1_25' title='bbox 1230 1138 1329 1221; x_wconf 89' lang='lat' dir='ltr'>hanc</span> <span class='ocrx_word' id='word_1_26' title='bbox 1348 1166 1441 1222; x_wconf 88' lang='lat' dir='ltr'>cau·</span> <span class='ocrx_word' id='word_1_27' title='bbox 1480 1149 1488 1167; x_wconf 91' lang='lat'>&#39;</span> 
     </span>
     <span class='ocr_line' id='line_1_5' title="bbox 516 1251 1511 1363; baseline -0.009 -18"><span class='ocrx_word' id='word_1_28' title='bbox 516 1262 594 1345; x_wconf 86' lang='lat' dir='ltr'>sam</span> <span class='ocrx_word' id='word_1_29' title='bbox 619 1255 712 1342; x_wconf 89' lang='lat' dir='ltr'>utile</span> <span class='ocrx_word' id='word_1_30' title='bbox 734 1254 796 1363; x_wconf 87' lang='lat' dir='ltr'>fit,</span> <span class='ocrx_word' id='word_1_31' title='bbox 830 1251 1158 1355; x_wconf 70' lang='lat' dir='ltr'>novocomum,</span> <span class='ocrx_word' id='word_1_32' title='bbox 1193 1252 1361 1338; x_wconf 72' lang='lat' dir='ltr'>suffertis</span> <span class='ocrx_word' id='word_1_33' title='bbox 1388 1282 1442 1337; x_wconf 85' lang='lat' dir='ltr'>ex</span> <span class='ocrx_word' id='word_1_34' title='bbox 1510 1271 1511 1298; x_wconf 60' lang='lat'><em>*</em></span> 
     </span>
     <span class='ocr_line' id='line_1_6' title="bbox 516 1368 1511 1487; baseline -0.002 -32"><span class='ocrx_word' id='word_1_35' title='bbox 516 1375 631 1487; x_wconf 84' lang='lat' dir='ltr'>plebe</span> <span class='ocrx_word' id='word_1_36' title='bbox 646 1370 821 1479; x_wconf 87' lang='lat' dir='ltr'>regibus,</span> <span class='ocrx_word' id='word_1_37' title='bbox 851 1368 1039 1473; x_wconf 88' lang='lat' dir='ltr'>condere,</span> <span class='ocrx_word' id='word_1_38' title='bbox 1064 1368 1106 1451; x_wconf 88' lang='lat' dir='ltr'>id</span> <span class='ocrx_word' id='word_1_39' title='bbox 1117 1368 1318 1473; x_wconf 85' lang='lat' dir='ltr'>affirmare,</span> <span class='ocrx_word' id='word_1_40' title='bbox 1348 1398 1442 1454; x_wconf 89' lang='lat' dir='ltr'>cum</span> <span class='ocrx_word' id='word_1_41' title='bbox 1510 1473 1511 1480; x_wconf 11' lang='grc' dir='ltr'><strong><em>Ν</em></strong></span> 
     </span>
     <span class='ocr_line' id='line_1_7' title="bbox 517 1481 1442 1603; baseline -0.01 -26"><span class='ocrx_word' id='word_1_42' title='bbox 517 1493 748 1603; x_wconf 83' lang='lat' dir='ltr'>experientia</span> <span class='ocrx_word' id='word_1_43' title='bbox 764 1487 938 1591; x_wconf 88' lang='lat' dir='ltr'>deficiat,</span> <span class='ocrx_word' id='word_1_44' title='bbox 973 1490 1040 1569; x_wconf 86' lang='lat' dir='ltr'>vix</span> <span class='ocrx_word' id='word_1_45' title='bbox 1062 1483 1186 1569; x_wconf 76' lang='lat' dir='ltr'>ausim</span> <span class='ocrx_word' id='word_1_46' title='bbox 1249 1481 1442 1569; x_wconf 84' lang='lat' dir='ltr'>Videlicet</span> 
     </span>
     <span class='ocr_line' id='line_1_8' title="bbox 514 1598 1440 1707; baseline -0.011 -13"><span class='ocrx_word' id='word_1_47' title='bbox 514 1609 749 1694; x_wconf 86' lang='lat' dir='ltr'>hoccertum</span> <span class='ocrx_word' id='word_1_48' title='bbox 762 1606 825 1707; x_wconf 86' lang='lat' dir='ltr'>est,</span> <span class='ocrx_word' id='word_1_49' title='bbox 844 1602 1025 1687; x_wconf 83' lang='lat' dir='ltr'>ducentas</span> <span class='ocrx_word' id='word_1_50' title='bbox 1040 1598 1100 1687; x_wconf 84' lang='lat' dir='ltr'>vel</span> <span class='ocrx_word' id='word_1_51' title='bbox 1114 1604 1228 1685; x_wconf 86' lang='lat' dir='ltr'>etiam</span> <span class='ocrx_word' id='word_1_52' title='bbox 1242 1604 1440 1687; x_wconf 83' lang='lat' dir='ltr'>sexcentas</span> 
     </span>
     <span class='ocr_line' id='line_1_9' title="bbox 515 1719 1513 1837; baseline -0.012 -27"><span class='ocrx_word' id='word_1_53' title='bbox 515 1752 604 1837; x_wconf 88' lang='lat' dir='ltr'>apes</span> <span class='ocrx_word' id='word_1_54' title='bbox 620 1724 729 1830; x_wconf 87' lang='lat' dir='ltr'>operi</span> <span class='ocrx_word' id='word_1_55' title='bbox 747 1745 826 1805; x_wconf 92' lang='lat' dir='ltr'>non</span> <span class='ocrx_word' id='word_1_56' title='bbox 849 1719 1038 1823; x_wconf 86' lang='lat' dir='ltr'>sufficere,</span> <span class='ocrx_word' id='word_1_57' title='bbox 1070 1746 1144 1801; x_wconf 85' lang='lat' dir='ltr'>nec</span> <span class='ocrx_word' id='word_1_58' title='bbox 1164 1738 1313 1803; x_wconf 85' lang='lat' dir='ltr'>tantum</span> <span class='ocrx_word' id='word_1_59' title='bbox 1331 1746 1439 1801; x_wconf 86' lang='lat' dir='ltr'>cera·</span> <span class='ocrx_word' id='word_1_60' title='bbox 1511 1772 1513 1820; x_wconf 71' lang='lat' dir='ltr'>r</span> 
     </span>
     <span class='ocr_line' id='line_1_10' title="bbox 513 1830 1512 1949; baseline -0.012 -20"><span class='ocrx_word' id='word_1_61' title='bbox 513 1870 599 1929; x_wconf 82' lang='lat' dir='ltr'>rum</span> <span class='ocrx_word' id='word_1_62' title='bbox 614 1842 831 1943; x_wconf 87' lang='lat' dir='ltr'>confingere</span> <span class='ocrx_word' id='word_1_63' title='bbox 845 1836 960 1945; x_wconf 73' lang='lat' dir='ltr'>posse,</span> <span class='ocrx_word' id='word_1_64' title='bbox 989 1830 1266 1949; x_wconf 61' lang='lat' dir='ltr'>quantumrein</span> <span class='ocrx_word' id='word_1_65' title='bbox 1292 1834 1440 1924; x_wconf 81' lang='lat' dir='ltr'>fibene</span> <span class='ocrx_word' id='word_1_66' title='bbox 1511 1937 1512 1946; x_wconf 11' lang='grc' dir='ltr'><strong><em>Ν</em></strong></span> 
     </span>
    </p>
   </div>
   <div class='ocr_carea' id='block_1_3' title="bbox 512 1950 1077 2097">
    <p class='ocr_par' dir='ltr' id='par_1_3' title="bbox 512 1950 1077 2097">
     <span class='ocr_line' id='line_1_11' title="bbox 512 1950 1077 2097; baseline -0.004 -50"><span class='ocrx_word' id='word_1_67' title='bbox 512 1958 628 2065; x_wconf 77' lang='lat' dir='ltr'>valer,</span> <span class='ocrx_word' id='word_1_68' title='bbox 654 1952 765 2077; x_wconf 82' lang='lat' dir='ltr'>pullis</span> <span class='ocrx_word' id='word_1_69' title='bbox 780 1950 1077 2097; x_wconf 57' lang='lat' dir='ltr'>oppleresolet.</span> 
     </span>
    </p>
   </div>
   <div class='ocr_carea' id='block_1_4' title="bbox 913 2212 1087 2314">
    <p class='ocr_par' dir='ltr' id='par_1_4' title="bbox 913 2212 1087 2314">
     <span class='ocr_line' id='line_1_12' title="bbox 913 2212 1087 2314; baseline -0.063 0"><span class='ocrx_word' id='word_1_70' title='bbox 913 2212 1087 2314; x_wconf 68' lang='lat' dir='ltr'>W.</span> 
     </span>
    </p>
   </div>
   <div class='ocr_carea' id='block_1_5' title="bbox 511 2359 1512 2732">
    <p class='ocr_par' dir='ltr' id='par_1_5' title="bbox 511 2359 1512 2732">
     <span class='ocr_line' id='line_1_13' title="bbox 511 2359 1512 2473; baseline -0.023 0"><span class='ocrx_word' id='word_1_71' title='bbox 511 2378 788 2473; x_wconf 73' lang='lat' dir='ltr'>Examinum</span> <span class='ocrx_word' id='word_1_72' title='bbox 804 2380 1075 2465; x_wconf 84' lang='lat' dir='ltr'>incrementa</span> <span class='ocrx_word' id='word_1_73' title='bbox 1089 2374 1438 2467; x_wconf 71' lang='lat' dir='ltr'>&amp;decrementa</span> <span class='ocrx_word' id='word_1_74' title='bbox 1511 2359 1512 2450; x_wconf 80' lang='lat' dir='ltr'>s</span> 
     </span>
     <span class='ocr_line' id='line_1_14' title="bbox 567 2488 1381 2612; baseline -0.02 -19"><span class='ocrx_word' id='word_1_75' title='bbox 567 2488 1381 2612; x_wconf 58' lang='lat' dir='ltr'>annitemporafflempestatumuicis·</span> 
     </span>
     <span class='ocr_line' id='line_1_15' title="bbox 732 2610 1221 2732; baseline -0.016 -22"><span class='ocrx_word' id='word_1_76' title='bbox 732 2614 940 2710; x_wconf 83' lang='lat' dir='ltr'>fimdiues</span> <span class='ocrx_word' id='word_1_77' title='bbox 956 2610 1221 2732; x_wconf 64' lang='lat' dir='ltr'>sequuntur-1</span> 
     </span>
    </p>
   </div>
   <div class='ocr_carea' id='block_1_6' title="bbox 463 2771 1514 4632">
    <p class='ocr_par' dir='ltr' id='par_1_6' title="bbox 463 2771 1514 4632">
     <span class='ocr_line' id='line_1_16' title="bbox 623 2771 1431 2878; baseline -0.01 -10"><span class='ocrx_word' id='word_1_78' title='bbox 623 2783 1012 2868; x_wconf 56' lang='lat' dir='ltr'>communimus</span> <span class='ocrx_word' id='word_1_79' title='bbox 1030 2771 1431 2878; x_wconf 69' lang='lat' dir='ltr'>nobrsatveorumffin-</span> 
     </span>
     <span class='ocr_line' id='line_1_17' title="bbox 506 2885 1433 3002; baseline 0 -26"><span class='ocrx_word' id='word_1_80' title='bbox 506 2891 685 2998; x_wconf 81' lang='lat' dir='ltr'>gulorum</span> <span class='ocrx_word' id='word_1_81' title='bbox 704 2885 934 2978; x_wconf 85' lang='lat' dir='ltr'>incrementa</span> <span class='ocrx_word' id='word_1_82' title='bbox 948 2893 1170 2999; x_wconf 55' lang='lat' dir='ltr'>&amp;jacintum</span> <span class='ocrx_word' id='word_1_83' title='bbox 1198 2890 1310 2976; x_wconf 81' lang='lat' dir='ltr'>facile</span> <span class='ocrx_word' id='word_1_84' title='bbox 1318 2921 1433 3002; x_wconf 88' lang='lat' dir='ltr'>appa·</span> 
     </span>
     <span class='ocr_line' id='line_1_18' title="bbox 507 3007 1433 3126; baseline -0.001 -32"><span class='ocrx_word' id='word_1_85' title='bbox 507 3029 579 3114; x_wconf 86' lang='lat' dir='ltr'>ret,</span> <span class='ocrx_word' id='word_1_86' title='bbox 603 3007 742 3093; x_wconf 87' lang='lat' dir='ltr'>borum</span> <span class='ocrx_word' id='word_1_87' title='bbox 758 3031 959 3126; x_wconf 86' lang='lat' dir='ltr'>utrumque</span> <span class='ocrx_word' id='word_1_88' title='bbox 976 3033 1081 3094; x_wconf 88' lang='lat' dir='ltr'>certo</span> <span class='ocrx_word' id='word_1_89' title='bbox 1097 3009 1263 3124; x_wconf 87' lang='lat' dir='ltr'>quodam</span> <span class='ocrx_word' id='word_1_90' title='bbox 1290 3009 1433 3094; x_wconf 86' lang='lat' dir='ltr'>ordine</span> 
     </span>
     <span class='ocr_line' id='line_1_19' title="bbox 508 3124 1514 3242; baseline 0.005 -36"><span class='ocrx_word' id='word_1_91' title='bbox 508 3125 714 3232; x_wconf 75' lang='lat' dir='ltr'>contigisse,</span> <span class='ocrx_word' id='word_1_92' title='bbox 745 3129 792 3207; x_wconf 89' lang='lat' dir='ltr'>ita</span> <span class='ocrx_word' id='word_1_93' title='bbox 808 3147 851 3210; x_wconf 90' lang='lat' dir='ltr'>ut</span> <span class='ocrx_word' id='word_1_94' title='bbox 869 3155 958 3210; x_wconf 93' lang='lat' dir='ltr'>cum</span> <span class='ocrx_word' id='word_1_95' title='bbox 972 3133 1059 3212; x_wconf 88' lang='lat' dir='ltr'>anni</span> <span class='ocrx_word' id='word_1_96' title='bbox 1074 3150 1249 3238; x_wconf 88' lang='lat' dir='ltr'>tempore</span> <span class='ocrx_word' id='word_1_97' title='bbox 1263 3124 1432 3242; x_wconf 85' lang='lat' dir='ltr'>coelique</span> <span class='ocrx_word' id='word_1_98' title='bbox 1512 3177 1514 3240; x_wconf 89' lang='lat'>!</span> 
     </span>
     <span class='ocr_line' id='line_1_20' title="bbox 506 3239 1430 3352; baseline 0.002 -28"><span class='ocrx_word' id='word_1_99' title='bbox 506 3239 707 3326; x_wconf 82' lang='lat' dir='ltr'>clementia</span> <span class='ocrx_word' id='word_1_100' title='bbox 721 3241 779 3325; x_wconf 87' lang='lat' dir='ltr'>vel</span> <span class='ocrx_word' id='word_1_101' title='bbox 797 3250 922 3348; x_wconf 89' lang='lat' dir='ltr'>rigore</span> <span class='ocrx_word' id='word_1_102' title='bbox 941 3263 1205 3352; x_wconf 81' lang='lat' dir='ltr'>congruerent.</span> <span class='ocrx_word' id='word_1_103' title='bbox 1237 3241 1430 3352; x_wconf 78' lang='lat' dir='ltr'>Exemplo</span> 
     </span>
     <span class='ocr_line' id='line_1_21' title="bbox 507 3357 1430 3473; baseline 0.005 -34"><span class='ocrx_word' id='word_1_104' title='bbox 507 3357 580 3440; x_wconf 83' lang='lat' dir='ltr'>effe</span> <span class='ocrx_word' id='word_1_105' title='bbox 604 3363 744 3468; x_wconf 90' lang='lat' dir='ltr'>poterit</span> <span class='ocrx_word' id='word_1_106' title='bbox 765 3386 923 3444; x_wconf 81' lang='lat' dir='ltr'>examen</span> <span class='ocrx_word' id='word_1_107' title='bbox 947 3371 999 3466; x_wconf 91' lang='lat' dir='ltr'>B,</span> <span class='ocrx_word' id='word_1_108' title='bbox 1035 3361 1256 3473; x_wconf 89' lang='lat' dir='ltr'>quodcum</span> <span class='ocrx_word' id='word_1_109' title='bbox 1282 3385 1430 3444; x_wconf 86' lang='lat' dir='ltr'>novam</span> 
     </span>
     <span class='ocr_line' id='line_1_22' title="bbox 504 3467 1429 3589; baseline 0.002 -30"><span class='ocrx_word' id='word_1_110' title='bbox 504 3473 696 3559; x_wconf 75' lang='lat' dir='ltr'>&#39;coloniam</span> <span class='ocrx_word' id='word_1_111' title='bbox 713 3471 748 3554; x_wconf 91' lang='lat' dir='ltr'>d.</span> <span class='ocrx_word' id='word_1_112' title='bbox 765 3483 996 3584; x_wconf 74' lang='lat' dir='ltr'>30.rn.Junii</span> <span class='ocrx_word' id='word_1_113' title='bbox 1008 3467 1247 3589; x_wconf 55' lang='lat' dir='ltr'>‘condidiiiet{</span> <span class='ocrx_word' id='word_1_114' title='bbox 1279 3475 1371 3560; x_wconf 87' lang='lat' dir='ltr'>inde</span> <span class='ocrx_word' id='word_1_115' title='bbox 1380 3475 1429 3561; x_wconf 90' lang='lat' dir='ltr'>ab</span> 
     </span>
     <span class='ocr_line' id='line_1_23' title="bbox 505 3591 1427 3704; baseline 0.001 -30"><span class='ocrx_word' id='word_1_116' title='bbox 505 3618 554 3674; x_wconf 87' lang='lat' dir='ltr'>co</span> <span class='ocrx_word' id='word_1_117' title='bbox 573 3610 746 3704; x_wconf 84' lang='lat' dir='ltr'>tempore</span> <span class='ocrx_word' id='word_1_118' title='bbox 761 3591 809 3675; x_wconf 89' lang='lat' dir='ltr'>ad</span> <span class='ocrx_word' id='word_1_119' title='bbox 824 3594 859 3676; x_wconf 87' lang='lat' dir='ltr'>d.</span> <span class='ocrx_word' id='word_1_120' title='bbox 875 3622 907 3696; x_wconf 80' lang='lat'>3.</span> <span class='ocrx_word' id='word_1_121' title='bbox 922 3624 974 3681; x_wconf 89' lang='lat' dir='ltr'>m.</span> <span class='ocrx_word' id='word_1_122' title='bbox 990 3593 1221 3704; x_wconf 79' lang='lat' dir='ltr'>Septembris</span> <span class='ocrx_word' id='word_1_123' title='bbox 1234 3597 1427 3678; x_wconf 91' lang='lat' dir='ltr'>continuo</span> 
     </span>
     <span class='ocr_line' id='line_1_24' title="bbox 502 3705 1429 3817; baseline 0 -25"><span class='ocrx_word' id='word_1_124' title='bbox 502 3705 643 3792; x_wconf 79' lang='lat' dir='ltr'>virbus</span> <span class='ocrx_word' id='word_1_125' title='bbox 658 3711 695 3794; x_wconf 69' lang='grc' dir='ltr'>ἃ</span> <span class='ocrx_word' id='word_1_126' title='bbox 710 3710 882 3817; x_wconf 88' lang='lat' dir='ltr'>pondere</span> <span class='ocrx_word' id='word_1_127' title='bbox 899 3711 1121 3816; x_wconf 87' lang='lat' dir='ltr'>augebatur,</span> <span class='ocrx_word' id='word_1_128' title='bbox 1149 3714 1199 3796; x_wconf 85' lang='lat' dir='ltr'>ita</span> <span class='ocrx_word' id='word_1_129' title='bbox 1218 3731 1361 3812; x_wconf 89' lang='lat' dir='ltr'>tamen,</span> <span class='ocrx_word' id='word_1_130' title='bbox 1382 3729 1429 3794; x_wconf 91' lang='lat' dir='ltr'>ut</span> 
     </span>
     <span class='ocr_line' id='line_1_25' title="bbox 463 3821 1427 3934; baseline 0.001 -28"><span class='ocrx_word' id='word_1_131' title='bbox 463 3917 468 3926; x_wconf 49' lang='grc'><strong><em>,</em></strong></span> <span class='ocrx_word' id='word_1_132' title='bbox 498 3827 731 3912; x_wconf 86' lang='lat' dir='ltr'>incrementa</span> <span class='ocrx_word' id='word_1_133' title='bbox 744 3826 897 3912; x_wconf 79' lang='lat' dir='ltr'>divertis</span> <span class='ocrx_word' id='word_1_134' title='bbox 921 3825 1156 3934; x_wconf 87' lang='lat' dir='ltr'>temporibus</span> <span class='ocrx_word' id='word_1_135' title='bbox 1177 3821 1338 3932; x_wconf 80' lang='lat' dir='ltr'>imparia</span> <span class='ocrx_word' id='word_1_136' title='bbox 1365 3827 1427 3907; x_wconf 89' lang='lat' dir='ltr'>es-</span> 
     </span>
     <span class='ocr_line' id='line_1_26' title="bbox 476 3931 1426 4053; baseline -0.001 -29"><span class='ocrx_word' id='word_1_137' title='bbox 476 4041 478 4052; x_wconf 15' lang='grc' dir='ltr'><em>Α</em></span> <span class='ocrx_word' id='word_1_138' title='bbox 498 3939 595 4028; x_wconf 84' lang='lat' dir='ltr'>sent.</span> <span class='ocrx_word' id='word_1_139' title='bbox 659 3946 887 4046; x_wconf 75' lang='lat' dir='ltr'>Quinte,</span> <span class='ocrx_word' id='word_1_140' title='bbox 922 3931 988 4028; x_wconf 82' lang='lat' dir='ltr'>etfi</span> <span class='ocrx_word' id='word_1_141' title='bbox 1004 3935 1268 4053; x_wconf 82' lang='lat' dir='ltr'>tempestatum</span> <span class='ocrx_word' id='word_1_142' title='bbox 1285 3943 1426 4025; x_wconf 80' lang='lat' dir='ltr'>vicisti-</span> 
     </span>
     <span class='ocr_line' id='line_1_27' title="bbox 490 4053 1425 4176; baseline 0.009 -43"><span class='ocrx_word' id='word_1_143' title='bbox 490 4053 598 4176; x_wconf 62' lang='lat' dir='ltr'>pudo</span> <span class='ocrx_word' id='word_1_144' title='bbox 613 4055 818 4167; x_wconf 82' lang='lat' dir='ltr'>pabulique</span> <span class='ocrx_word' id='word_1_145' title='bbox 834 4061 980 4146; x_wconf 89' lang='lat' dir='ltr'>diversa</span> <span class='ocrx_word' id='word_1_146' title='bbox 1002 4063 1114 4167; x_wconf 87' lang='lat' dir='ltr'>copia</span> <span class='ocrx_word' id='word_1_147' title='bbox 1125 4065 1203 4143; x_wconf 87' lang='lat' dir='ltr'>vim</span> <span class='ocrx_word' id='word_1_148' title='bbox 1217 4059 1327 4144; x_wconf 86' lang='lat' dir='ltr'>baud</span> <span class='ocrx_word' id='word_1_149' title='bbox 1343 4063 1425 4142; x_wconf 86' lang='lat' dir='ltr'>exi-</span> 
     </span>
     <span class='ocr_line' id='line_1_28' title="bbox 497 4170 1423 4286; baseline 0.011 -36"><span class='ocrx_word' id='word_1_150' title='bbox 497 4193 612 4278; x_wconf 85' lang='lat' dir='ltr'>guam</span> <span class='ocrx_word' id='word_1_151' title='bbox 627 4170 754 4271; x_wconf 89' lang='lat' dir='ltr'>habet,</span> <span class='ocrx_word' id='word_1_152' title='bbox 766 4173 844 4257; x_wconf 78' lang='lat' dir='ltr'>hac</span> <span class='ocrx_word' id='word_1_153' title='bbox 858 4198 984 4260; x_wconf 87' lang='lat' dir='ltr'>tamen</span> <span class='ocrx_word' id='word_1_154' title='bbox 1002 4201 1080 4258; x_wconf 91' lang='lat' dir='ltr'>non</span> <span class='ocrx_word' id='word_1_155' title='bbox 1094 4180 1206 4266; x_wconf 87' lang='lat' dir='ltr'>unice</span> <span class='ocrx_word' id='word_1_156' title='bbox 1219 4171 1423 4286; x_wconf 67' lang='lat' dir='ltr'>speiianda</span> 
     </span>
     <span class='ocr_line' id='line_1_29' title="bbox 495 4283 1424 4395; baseline 0.008 -27"><span class='ocrx_word' id='word_1_157' title='bbox 495 4283 593 4368; x_wconf 87' lang='lat' dir='ltr'>sunt.</span> <span class='ocrx_word' id='word_1_158' title='bbox 631 4291 883 4373; x_wconf 79' lang='lat' dir='ltr'>Ratumenim</span> <span class='ocrx_word' id='word_1_159' title='bbox 902 4296 967 4395; x_wconf 87' lang='lat' dir='ltr'>est,</span> <span class='ocrx_word' id='word_1_160' title='bbox 982 4283 1424 4378; x_wconf 85' lang='lat' dir='ltr'>duosaiveosineodem</span> 
     </span>
     <span class='ocr_line' id='line_1_30' title="bbox 494 4399 1458 4532; baseline 0.012 -52"><span class='ocrx_word' id='word_1_161' title='bbox 494 4402 639 4532; x_wconf 71' lang='lat' dir='ltr'>¹apiario</span> <span class='ocrx_word' id='word_1_162' title='bbox 655 4399 854 4494; x_wconf 87' lang='lat' dir='ltr'>conclusos</span> <span class='ocrx_word' id='word_1_163' title='bbox 871 4435 950 4493; x_wconf 92' lang='lat' dir='ltr'>uno</span> <span class='ocrx_word' id='word_1_164' title='bbox 973 4401 1148 4518; x_wconf 82' lang='lat' dir='ltr'>tempore</span> <span class='ocrx_word' id='word_1_165' title='bbox 1172 4404 1276 4520; x_wconf 58' lang='lat' dir='ltr'>‘aque</span> <span class='ocrx_word' id='word_1_166' title='bbox 1301 4411 1423 4522; x_wconf 84' lang='lat' dir='ltr'>profi·</span> <span class='ocrx_word' id='word_1_167' title='bbox 1453 4487 1458 4492; x_wconf 79' lang='lat'><strong>.</strong></span> 
     </span>
     <span class='ocr_line' id='line_1_31' title="bbox 1320 4553 1424 4632; baseline -0.01 -22"><span class='ocrx_word' id='word_1_168' title='bbox 1320 4553 1424 4632; x_wconf 82' lang='lat' dir='ltr'>cere,</span> 
     </span>
    </p>
   </div>
   <div class='ocr_carea' id='block_1_7' title="bbox 0 0 1672 5350">
    <p class='ocr_par' dir='ltr' id='par_1_7' title="bbox 0 0 1672 5350">
     <span class='ocr_line' id='line_1_32' title="bbox 0 0 1672 5350; baseline 0 5"><span class='ocrx_word' id='word_1_169' title='bbox 0 0 1672 5350; x_wconf 95' lang='lat' dir='ltr'> </span> 
     </span>
    </p>
   </div>
  </div>
 </body>
</html>
